2676 4290
652 335 714 399 116

198 519 358 586 Ultimum
380 519 575 585 vocabulum
597 521 791 585 vissanum
811 538 882 585 osse
894 520 973 584 mihi
984 520 1188 604 persuadeo:

155 637 318 698 narratum
358 635 443 699 enim
477 635 542 698 iam
576 636 624 699 est
657 634 810 698 maritum
845 633 958 697 uxoris
993 632 1189 698 cubiculum

153 749 306 829 intrasse3
329 752 494 833 exspectes
515 747 646 831 aliquod
664 746 852 812 adverbium
868 746 966 812 verbo
979 746 1188 812 dormientem

154 861 308 927 additum.

196 973 257 1059 III,
298 975 349 1038 11.
390 971 571 1040 Eunuchus
613 972 758 1060 improbo
804 973 967 1039 obiicienti
1004 973 1188 1057 „damnum

156 1089 267 1154 amissi
288 1086 433 1153 roboris'’
456 1089 501 1153 ita
522 1088 708 1174 respondet:

285 1265 347 1347 En,
368 1268 424 1350 ait,
446 1265 507 1330 hoc
529 1269 664 1330 unumst
685 1283 744 1329 our
765 1263 907 1330 laborem
930 1263 1081 1348 validius,

285 1380 477 1465 integritatis
500 1384 598 1445 testes
621 1381 699 1464 quia
721 1378 838 1444 desunt
861 1378 948 1443 mihi

196 1566 390 1652 Recipiendo
416 1568 544 1632 videtur
567 1566 685 1632 codicis
708 1566 748 1630 V.
771 1567 866 1632 lectio
889 1566 1065 1652 integritati
1086 1587 1187 1634 meac.

149 1680 374 1767 Ineptissimus
402 1683 488 1746 inest
517 1681 690 1747 verborum
720 1682 814 1746 lusus
841 1683 876 1746 in
900 1701 1064 1768 responso,
1090 1683 1185 1768 quod

150 1795 201 1860 vel
235 1797 282 1861 sic
313 1797 413 1881 accipi
443 1799 565 1879 potest:
593 1800 650 1878 „ut
672 1797 796 1879 integer
818 1796 879 1860 sim
903 1815 1033 1880 corpore
1061 1796 1188 1863 desunt

151 1909 231 1974 mihi
250 1909 379 1994 testes''‚
398 1909 451 1974 vel
473 1910 615 1994 „integer
634 1908 765 1993 quidem
784 1928 857 1973 sum
877 1910 972 1989 (vitae
984 1908 1187 1995 scelerisque

148 2025 261 2109 purus)
285 2023 341 2089 sed
366 2024 520 2108 quoniam
545 2025 616 2088 eius
639 2024 686 2088 rei
708 2026 806 2088 testes
826 2022 936 2088 afferre
956 2043 1023 2088 non
1041 2042 1183 2108 possum

150 2141 280 2202 strenua
302 2137 466 2222 diligentia
488 2137 567 2201 mihi
590 2136 795 2202 efficiendum
817 2142 866 2203 est
888 2141 926 2203 ut
946 2137 1093 2203 homines
1126 2157 1185 2224 op-

150 2252 229 2316 tima
252 2270 399 2337 quaeque
421 2252 461 2319 de
484 2270 535 2317 me
559 2250 724 2317 credant’'.

195 2364 256 2450 III,
276 2366 327 2450 13,
349 2366 390 2430 13

468 2479 557 2544 Tunc
579 2479 635 2544 illa
656 2479 751 2545 talem
774 2479 906 2544 sustulit
929 2479 1125 2546 sententiam

239 2593 422 2660 Bentleius:
446 2596 526 2659 tunc
548 2593 603 2658 illa
625 2593 685 2658 hac
708 2594 797 2659 litem
821 2593 953 2658 sustulit
976 2597 1139 2662 sententia

239 2707 416 2774 Miillerus:
441 2712 519 2774 tunc
540 2708 597 2773 illo
618 2708 675 2772 tali
697 2709 750 2773 ius
773 2707 847 2773 tulit
870 2709 1037 2773 sententia.

194 2870 368 2956 Vulgatam
398 2871 485 2936 haud
515 2873 622 2955 inepte
654 2870 795 2936 defendit
816 2870 946 2956 Rarius,
971 2871 1028 2956 qui
1049 2873 1186 2941 astute

151 2984 273 3050 dictim
302 2988 411 3050 censet
438 3004 495 3070 pro
515 2984 598 3050 tulit.
622 2984 731 3050 Habet
753 2986 839 3050 enim
861 2985 923 3049 hoc
947 3004 1051 3051 sermo
1075 2985 1184 3055 Phoe-

151 3080 283 3164 drianus
313 3102 349 3164 ut
381 3117 474 3185 saepe
504 3101 680 3185 composita
702 3119 761 3185 pro
785 3098 996 3185 simplicibus,
1020 3101 1187 3187 simplicia

151 3232 209 3298 pro
236 3213 419 3298 compositis
442 3212 662 3280 adhibeantur.

195 3325 256 3411 ni
280 3327 331 3412 rc,
356 3327 407 3390 15.

284 3503 359 3569 Una
381 3502 538 3569 bibamus.
560 3504 622 3570 Illa
646 3524 728 3589 quae
752 3503 861 3570 arebat
885 3505 949 3588 siti,

285 3617 383 3682 simul
405 3616 556 3703 cognovit
578 3636 690 3684 vocem
712 3618 839 3683 laudari
864 3637 967 3703 suam,

286 3730 401 3816 cupide
424 3731 593 3797 advolavit.
710 3725 719 3740 ⁸

208 4008 320 4032 a*
