2676 4290
650 321 760 385 84·

155 528 254 593 quam
283 509 323 574 de
356 528 545 594 magnorum
568 509 711 573 virorum
735 508 838 592 gloria
864 506 1054 589 detrahitur,
1079 507 1112 570 si
1136 523 1189 570 eos

156 623 355 688 demonstras
378 623 413 686 in
436 641 502 687 uno
526 621 693 686 scribendo
715 620 797 685 libro
820 639 936 705 parum
959 618 1074 684 felices
1086 618 1189 683 fuisse

154 737 204 802 vel
229 756 344 821 parum
368 736 505 801 sedulos.
529 734 652 813 Quodsi
675 736 749 819 quis
760 735 796 798 in
808 732 944 817 aequali,
957 751 1056 816 quem
1072 733 1187 819 merito

155 852 338 936 suspiciunt
382 869 502 934 omnes,
544 848 713 914 refutando
747 848 924 913 honestatis
959 847 1188 930 sermonisque

155 965 253 1029 decus
276 964 428 1049 neglexit,
450 963 793 1049 reprehendendusest
806 960 1188 1027 sedtamenaudiendus.

153 1076 228 1142 Non
268 1079 330 1142 hoc
372 1077 559 1143 observasse
601 1077 752 1141 videntur
785 1075 923 1141 Bentleii
957 1074 1187 1139 admiratores:

152 1210 256 1277 aequo
279 1193 366 1258 enim
378 1193 480 1278 magis
492 1193 636 1277 neglecta
647 1193 729 1256 iacet
739 1192 905 1275 iacuitque
917 1189 1054 1275 epistola
1067 1188 1182 1253 critica

154 1325 252 1390 quam
286 1305 325 1372 de
358 1305 498 1370 Bentleii
531 1307 567 1370 in
589 1304 735 1370 Phaedro
758 1301 1037 1370 emendationibus
1060 1301 1187 1367 Harius

153 1420 281 1504 scripsit
314 1419 442 1504 (legitur
469 1438 506 1485 ea
528 1422 563 1484 in
585 1419 767 1485 Burmanni
790 1418 929 1483 editione
951 1414 986 1479 L.
1009 1415 1048 1480 Β.
1076 1416 1187 1498 1727).

152 1533 263 1599 Fuerit
284 1533 406 1599 Harius
430 1534 526 1599 homo
550 1534 736 1617 maledicus,
757 1533 855 1598 fuerit
877 1531 997 1595 lividus
1019 1529 1187 1596 etalieno·

152 1665 226 1711 rum
259 1649 468 1713 inventorum
506 1646 731 1713 acerbissimus
767 1645 967 1729 obtrectator,
1001 1649 1034 1709 at
1068 1643 1186 1709 doctus

150 1758 213 1825 iuit
245 1765 276 1826 et
321 1761 458 1827 idoneus
483 1761 592 1827 iudex.
639 1760 730 1826 Oerte
765 1778 848 1844 quae
883 1758 1030 1824 Bentleio
1067 1757 1181 1822 obiicit

151 1873 303 1959 pleraque
336 1876 444 1939 omnia
479 1894 556 1940 vera
578 1878 656 1940 sunt
678 1879 710 1939 et
733 1874 892 1938 acuminis
915 1891 981 1937 non
1004 1871 1182 1956 spernendi

151 1988 279 2053 indicia
303 1986 363 2054 Oui
383 1990 470 2055 enim
492 1993 639 2054 nostrum
662 1989 804 2053 taedium
827 2006 892 2052 non
912 1990 1045 2051 movent
1064 1985 1181 2050 huius·

150 2103 274 2168 cemodi
295 2102 433 2168 Bentleii
456 2104 677 2169 annotationes
700 2104 733 2166 in
757 2101 923 2167 infinitum
946 2100 1126 2186 repetitae:

195 2239 284 2325 adl,
308 2240 361 2325 10,
385 2241 413 2304 5.

282 2401 427 2488 Negabat
447 2403 505 2468 illa
526 2422 652 2469 ecesse
675 2404 787 2489 culpae
809 2403 999 2488 proximam.

198 2539 348 2625 „Excidit
366 2561 442 2627 vox,
465 2560 548 2627 quae
569 2542 753 2628 reponenda
774 2547 832 2627 est,

236 2678 381 2766 Negabat
402 2680 459 2745 illa
480 2700 515 2747 se
539 2699 609 2747 esse
632 2681 747 2768 culpae
770 2680 841 2746 tato
863 2678 1076 2766 proximam.''

193 2830 234 2897 ad
251 2830 277 2918 I,
300 2831 352 2917 10,
375 2833 407 2898 8.

281 2968 413 3037 Dixisse
434 2970 537 3038 fertur
559 2973 673 3039 simius
696 2974 899 3040 sententiam.

195 3132 337 3219 „lterum
359 3133 494 3201 eandem
517 3155 629 3202 vocem
651 3155 781 3222 repone,

281 3295 413 3363 Dixisse
434 3296 516 3363 tanc
537 3298 639 3364 fertur
662 3300 776 3365 simius
801 3296 1024 3364 sententiam.''

194 3399 282 3519 teu
308 3434 359 3520 18,
383 3434 403 3498 e
427 3455 475 3521 sq.

283 3573 425 3662 Minime,
446 3576 564 3661 inquit,
585 3576 640 3641 illo
664 3594 759 3661 posse
782 3576 907 3671 confido
929 3577 1001 3643 loco

285 3689 407 3755 malum
430 3688 526 3776 finiri,
550 3709 615 3776 quo
638 3696 860 3777 conceptumst
885 3693 987 3761 initio.
