2676 4290
632 325 696 388 108

197 509 246 575 Ita
289 509 449 576 Miillerus
492 511 663 596 legendum
703 513 828 589 censet;
871 509 925 574 sed
966 507 1071 572 multo
1110 509 1190 572 mihi

153 630 315 710 praestare
340 625 467 690 videtur
488 625 614 690 Pitheci
637 627 821 689 coniectura
836 622 929 702 fletus
948 622 1098 705 edentem,
1111 625 1190 706 quia

154 757 259 823 neque
284 741 511 804 coniunctione
533 743 562 803 et
582 758 662 823 opus
682 742 731 803 est
750 738 927 822 (participio
947 738 1034 801 enim
1046 736 1188 802 ederem

153 853 288 917 rationis
323 853 503 917 reddendae
534 871 631 917 causa
662 851 806 915 additum
830 855 878 915 est
900 851 1110 934 participium
1135 869 1188 934 cp

149 969 303 1048 pressum)
348 970 380 1031 et
423 966 525 1030 multo
562 965 688 1030 facilius
720 964 814 1044 fletus
848 962 985 1027 edentem
1020 965 1190 1048 corrumpi

152 1081 258 1165 potuit
280 1080 314 1143 in
334 1078 537 1158 fletumedena
561 1078 649 1163 quod
670 1078 773 1143 codex
796 1076 832 1141 P.
853 1077 1068 1141 econiectura
1080 1076 1189 1142 habet

196 1193 298 1277 L12‚
322 1194 339 1257 1
366 1213 412 1278 sq.

285 1343 438 1409 laudatis
463 1344 600 1427 utiliora,
624 1362 707 1428 quae
729 1343 968 1428 contempseris,

285 1478 379 1544 saepe
401 1460 550 1541 inveniri,
572 1459 651 1523 haec
674 1459 734 1522 erit
756 1459 905 1521 narratio.

194 1597 246 1661 Ita
279 1599 314 1661 in
350 1597 459 1662 codice
488 1595 524 1660 P.
554 1601 620 1678 est3
651 1615 710 1680 pro
737 1594 812 1658 hoec
833 1594 892 1658 erit
914 1593 1069 1659 Pithoeus
1096 1594 1189 1659 dedit

151 1711 226 1775 hoec
262 1711 382 1789 ecerit;
422 1709 589 1775 Bentleius
623 1729 698 1774 vero
731 1713 831 1774 metro
869 1707 972 1772 multo
1001 1709 1187 1772 venustiori

149 1824 235 1890 tastis
267 1823 351 1889 haee.
394 1824 530 1889 Veritati
564 1826 693 1908 propior
727 1824 806 1887 mihi
840 1821 966 1887 Pithoei
1000 1822 1185 1917 emendatio

151 1938 295 2020 videtum
329 1938 481 2022 scriptum
515 1938 600 2001 euim
624 1937 700 2001 olim
723 1956 781 2021 pro
804 1937 865 2001 erit
885 1936 987 2000 fuisse
1010 1935 1107 1999 credo
1133 1956 1186 2000 as·

151 2051 235 2134 serit,
267 2050 354 2135 quod
384 2049 520 2115 verbum
544 2049 682 2115 Phaedri
703 2049 878 2115 lectoribus
901 2049 1187 2136 imitatoribusque

152 2167 325 2231 admodum
355 2166 515 2251 placuisse
547 2185 588 2230 ex
619 2185 685 2230 unc
714 2166 784 2230 loco
815 2164 922 2230 lucide
955 2168 1093 2250 apparet
1128 2164 1186 2231 Vs.

151 2281 238 2346 enim
263 2281 280 2343 7
304 2279 365 2344 fab.
390 2281 431 2344 10
454 2279 489 2344 L
513 2280 564 2344 ΠΙ

285 2418 348 2484 Sed
370 2417 549 2484 fabulosam
572 2436 614 2483 ne
636 2422 828 2484 vetustatem
851 2417 957 2483 eleves

152 2556 187 2619 in
209 2556 277 2621 cod.
298 2556 338 2620 V.
361 2556 479 2640 legitur

285 2692 347 2758 Sed
369 2693 547 2759 fabulosam
571 2713 612 2759 ne
635 2698 828 2760 vetustatem
851 2713 983 2760 asseras.

195 2830 335 2896 Versum
382 2850 514 2898 caesura
560 2839 719 2899 carentem
764 2835 800 2897 in
846 2833 1028 2918 promythio
1077 2852 1184 2919 aequo

150 2945 258 3008 animo
280 2943 356 3009 fero.

195 3056 298 3141 1,13,
322 3057 339 3120 1
365 3078 411 3144 aq.

284 3193 347 3272 Qui
369 3216 403 3262 se
425 3197 550 3262 laudari
574 3198 692 3282 gaudet
714 3197 822 3264 verbis
845 3198 988 3264 subdolis

285 3327 354 3374 sera
378 3310 431 3374 dat
453 3329 573 3395 poenas
596 3314 701 3395 turpis
723 3313 927 3397 poenitentia.

196 3445 234 3509 In
264 3466 311 3510 vs.
343 3448 362 3510 2
395 3468 586 3533 magnopere
618 3452 740 3516 variant
763 3451 898 3517 codices.
921 3450 1069 3518 Danielis
1095 3457 1188 3520 enim

151 3559 260 3623 charta
282 3559 376 3625 habet

284 3715 354 3761 sera
378 3697 454 3763 dant
476 3719 595 3784 poenas
618 3704 703 3786 turpi
726 3704 921 3788 paenitentia
