<?xml version="1.0" encoding="UTF-8"?>
<!DOCTYPE html PUBLIC "-//W3C//DTD XHTML 1.0 Transitional//EN"
    "http://www.w3.org/TR/xhtml1/DTD/xhtml1-transitional.dtd">
<html xmlns="http://www.w3.org/1999/xhtml" xml:lang="en" lang="en">
 <head>
  <title>
</title>
<meta http-equiv="Content-Type" content="text/html;charset=utf-8" />
  <meta name='ocr-system' content='tesseract 3.04.00' />
  <meta name='ocr-capabilities' content='ocr_page ocr_carea ocr_par ocr_line ocrx_word'/>
</head>
<body>
  <div class='ocr_page' id='page_1' title='image "./dephaedrifabuli00hartgoog_0089.png"; bbox 0 0 2676 4290; ppageno 0'>
   <div class='ocr_carea' id='block_1_1' title="bbox 713 299 755 362">
    <p class='ocr_par' dir='ltr' id='par_1_1' title="bbox 713 299 755 362">
     <span class='ocr_line' id='line_1_1' title="bbox 713 299 755 362; baseline 0 0"><span class='ocrx_word' id='word_1_1' title='bbox 713 299 755 362; x_wconf 74' lang='lat' dir='ltr'><strong>te</strong></span> 
     </span>
    </p>
   </div>
   <div class='ocr_carea' id='block_1_2' title="bbox 172 479 1261 661">
    <p class='ocr_par' dir='ltr' id='par_1_2' title="bbox 172 479 1261 661">
     <span class='ocr_line' id='line_1_2' title="bbox 265 479 1261 575; baseline 0.007 -28"><span class='ocrx_word' id='word_1_2' title='bbox 265 479 315 547; x_wconf 93' lang='lat' dir='ltr'><strong>De</strong></span> <span class='ocrx_word' id='word_1_3' title='bbox 337 483 388 548; x_wconf 89' lang='lat' dir='ltr'><strong>his</strong></span> <span class='ocrx_word' id='word_1_4' title='bbox 411 483 561 550; x_wconf 83' lang='lat' dir='ltr'><strong>versibus</strong></span> <span class='ocrx_word' id='word_1_5' title='bbox 585 484 670 551; x_wconf 89' lang='lat' dir='ltr'><strong>idem</strong></span> <span class='ocrx_word' id='word_1_6' title='bbox 695 485 760 550; x_wconf 89' lang='lat' dir='ltr'><strong>diei</strong></span> <span class='ocrx_word' id='word_1_7' title='bbox 782 491 889 575; x_wconf 89' lang='lat' dir='ltr'><strong>potest</strong></span> <span class='ocrx_word' id='word_1_8' title='bbox 911 488 999 573; x_wconf 93' lang='lat' dir='ltr'><strong>quod</strong></span> <span class='ocrx_word' id='word_1_9' title='bbox 1024 488 1065 554; x_wconf 95' lang='lat' dir='ltr'><strong>de</strong></span> <span class='ocrx_word' id='word_1_10' title='bbox 1076 489 1261 574; x_wconf 83' lang='lat' dir='ltr'><strong>epimythio</strong></span> 
     </span>
     <span class='ocr_line' id='line_1_3' title="bbox 172 596 437 661; baseline -0.004 0"><span class='ocrx_word' id='word_1_11' title='bbox 172 635 175 639; x_wconf 90' lang='lat'><em>-</em></span> <span class='ocrx_word' id='word_1_12' title='bbox 221 597 372 661; x_wconf 80' lang='lat' dir='ltr'><strong>carminis</strong></span> <span class='ocrx_word' id='word_1_13' title='bbox 395 596 437 661; x_wconf 91' lang='lat' dir='ltr'><strong>H.</strong></span> 
     </span>
    </p>
   </div>
   <div class='ocr_carea' id='block_1_3' title="bbox 264 708 1260 801">
    <p class='ocr_par' dir='ltr' id='par_1_3' title="bbox 264 708 1260 801">
     <span class='ocr_line' id='line_1_4' title="bbox 264 708 1260 801; baseline 0.007 -28"><span class='ocrx_word' id='word_1_14' title='bbox 264 708 307 774; x_wconf 91' lang='lat' dir='ltr'><strong>X.</strong></span> <span class='ocrx_word' id='word_1_15' title='bbox 325 709 449 775; x_wconf 84' lang='lat' dir='ltr'><strong>Fabula</strong></span> <span class='ocrx_word' id='word_1_16' title='bbox 469 711 508 777; x_wconf 92' lang='lat' dir='ltr'><strong>de</strong></span> <span class='ocrx_word' id='word_1_17' title='bbox 526 711 756 796; x_wconf 80' lang='lat' dir='ltr'><strong>patrefamilias</strong></span> <span class='ocrx_word' id='word_1_18' title='bbox 776 717 808 778; x_wconf 92' lang='lat' dir='ltr'><strong>et</strong></span> <span class='ocrx_word' id='word_1_19' title='bbox 822 714 952 800; x_wconf 79' lang='lat' dir='ltr'>Aesopo</span> <span class='ocrx_word' id='word_1_20' title='bbox 965 718 997 779; x_wconf 90' lang='lat' dir='ltr'><strong>et</strong></span> <span class='ocrx_word' id='word_1_21' title='bbox 1008 716 1260 801; x_wconf 78' lang='lat' dir='ltr'>inscriptionem</span> 
     </span>
    </p>
   </div>
   <div class='ocr_carea' id='block_1_4' title="bbox 219 824 1258 1024">
    <p class='ocr_par' dir='ltr' id='par_1_4' title="bbox 219 824 1258 1024">
     <span class='ocr_line' id='line_1_5' title="bbox 219 824 1258 915; baseline 0.007 -27"><span class='ocrx_word' id='word_1_22' title='bbox 219 824 417 909; x_wconf 80' lang='lat' dir='ltr'><strong>pedestrem:</strong></span> <span class='ocrx_word' id='word_1_23' title='bbox 441 825 591 907; x_wconf 74' lang='lat' dir='ltr'><strong>qaoaodo</strong></span> <span class='ocrx_word' id='word_1_24' title='bbox 613 825 773 892; x_wconf 63' lang='lat' dir='ltr'><strong>amada</strong></span> <span class='ocrx_word' id='word_1_25' title='bbox 794 826 838 892; x_wconf 79' lang='lat' dir='ltr'><strong>sil</strong></span> <span class='ocrx_word' id='word_1_26' title='bbox 856 826 948 911; x_wconf 74' lang='lat' dir='ltr'><strong>ferox</strong></span> <span class='ocrx_word' id='word_1_27' title='bbox 966 827 1117 894; x_wconf 68' lang='lat' dir='ltr'><strong>tamus</strong></span> <span class='ocrx_word' id='word_1_28' title='bbox 1138 833 1258 915; x_wconf 68' lang='lat' dir='ltr'><strong>etpot-</strong></span> 
     </span>
     <span class='ocr_line' id='line_1_6' title="bbox 219 937 557 1024; baseline 0.006 -23"><span class='ocrx_word' id='word_1_29' title='bbox 219 937 321 1003; x_wconf 89' lang='lat' dir='ltr'><strong>tioum</strong></span> <span class='ocrx_word' id='word_1_30' title='bbox 343 939 557 1024; x_wconf 90' lang='lat' dir='ltr'><strong>epimythium</strong></span> 
     </span>
    </p>
   </div>
   <div class='ocr_carea' id='block_1_5' title="bbox 236 1102 993 1169">
    <p class='ocr_par' dir='ltr' id='par_1_5' title="bbox 236 1102 993 1169">
     <span class='ocr_line' id='line_1_7' title="bbox 236 1102 993 1169; baseline 0.004 -4"><span class='ocrx_word' id='word_1_31' title='bbox 236 1127 238 1131; x_wconf 48' lang='lat'>&gt;</span> <span class='ocrx_word' id='word_1_32' title='bbox 352 1102 523 1167; x_wconf 73' lang='lat' dir='ltr'>Atrocitati</span> <span class='ocrx_word' id='word_1_33' title='bbox 546 1103 792 1168; x_wconf 88' lang='lat' dir='ltr'><strong>mansuetudost</strong></span> <span class='ocrx_word' id='word_1_34' title='bbox 813 1103 993 1169; x_wconf 91' lang='lat' dir='ltr'><strong>remedium</strong></span> 
     </span>
    </p>
   </div>
   <div class='ocr_carea' id='block_1_6' title="bbox 217 1250 1259 2682">
    <p class='ocr_par' dir='ltr' id='par_1_6' title="bbox 218 1250 1257 1567">
     <span class='ocr_line' id='line_1_8' title="bbox 219 1250 1257 1338; baseline 0.004 -22"><span class='ocrx_word' id='word_1_35' title='bbox 219 1250 322 1316; x_wconf 88' lang='lat' dir='ltr'><strong>habet.</strong></span> <span class='ocrx_word' id='word_1_36' title='bbox 362 1250 463 1317; x_wconf 92' lang='lat' dir='ltr'><strong>Vides</strong></span> <span class='ocrx_word' id='word_1_37' title='bbox 509 1272 607 1337; x_wconf 88' lang='lat' dir='ltr'><strong>quam</strong></span> <span class='ocrx_word' id='word_1_38' title='bbox 642 1272 757 1338; x_wconf 92' lang='lat' dir='ltr'><strong>parum</strong></span> <span class='ocrx_word' id='word_1_39' title='bbox 793 1252 967 1338; x_wconf 85' lang='lat' dir='ltr'><strong>probabihs</strong></span> <span class='ocrx_word' id='word_1_40' title='bbox 1000 1254 1043 1318; x_wconf 89' lang='lat' dir='ltr'><strong>sit</strong></span> <span class='ocrx_word' id='word_1_41' title='bbox 1066 1253 1257 1320; x_wconf 82' lang='lat' dir='ltr'><strong>coniectura</strong></span> 
     </span>
     <span class='ocr_line' id='line_1_9' title="bbox 218 1364 1257 1454; baseline 0.003 -24"><span class='ocrx_word' id='word_1_42' title='bbox 218 1364 386 1430; x_wconf 90' lang='lat' dir='ltr'><strong>Perottum</strong></span> <span class='ocrx_word' id='word_1_43' title='bbox 415 1364 581 1451; x_wconf 82' lang='lat' dir='ltr'><strong>pedestres</strong></span> <span class='ocrx_word' id='word_1_44' title='bbox 611 1368 837 1453; x_wconf 82' lang='lat' dir='ltr'><strong>inscriptiones</strong></span> <span class='ocrx_word' id='word_1_45' title='bbox 862 1365 998 1432; x_wconf 89' lang='lat' dir='ltr'><strong>finxisse</strong></span> <span class='ocrx_word' id='word_1_46' title='bbox 1021 1371 1059 1433; x_wconf 91' lang='lat' dir='ltr'><strong>ut</strong></span> <span class='ocrx_word' id='word_1_47' title='bbox 1081 1372 1257 1454; x_wconf 77' lang='lat' dir='ltr'><strong>praesepta</strong></span> 
     </span>
     <span class='ocr_line' id='line_1_10' title="bbox 218 1480 1256 1567; baseline -0.001 -20"><span class='ocrx_word' id='word_1_48' title='bbox 218 1481 352 1547; x_wconf 88' lang='lat' dir='ltr'><strong>moralia</strong></span> <span class='ocrx_word' id='word_1_49' title='bbox 371 1480 536 1547; x_wconf 90' lang='lat' dir='ltr'><strong>oodieibus</strong></span> <span class='ocrx_word' id='word_1_50' title='bbox 549 1481 669 1566; x_wconf 91' lang='lat' dir='ltr'><strong>quibus</strong></span> <span class='ocrx_word' id='word_1_51' title='bbox 690 1486 835 1547; x_wconf 88' lang='lat' dir='ltr'><strong>uteretur</strong></span> <span class='ocrx_word' id='word_1_52' title='bbox 847 1481 964 1547; x_wconf 90' lang='lat' dir='ltr'><strong>tradita</strong></span> <span class='ocrx_word' id='word_1_53' title='bbox 975 1482 1122 1547; x_wconf 91' lang='lat' dir='ltr'><strong>omittere</strong></span> <span class='ocrx_word' id='word_1_54' title='bbox 1134 1487 1256 1567; x_wconf 89' lang='lat' dir='ltr'><strong>posset.</strong></span> 
     </span>
    </p>

    <p class='ocr_par' dir='ltr' id='par_1_7' title="bbox 217 1593 1259 2475">
     <span class='ocr_line' id='line_1_11' title="bbox 263 1593 1256 1680; baseline 0.003 -20"><span class='ocrx_word' id='word_1_55' title='bbox 263 1593 341 1678; x_wconf 86' lang='lat' dir='ltr'>XII,</span> <span class='ocrx_word' id='word_1_56' title='bbox 366 1595 397 1660; x_wconf 78' lang='grc'><strong>7.</strong></span> <span class='ocrx_word' id='word_1_57' title='bbox 421 1594 512 1660; x_wconf 89' lang='lat' dir='ltr'><strong>Idem</strong></span> <span class='ocrx_word' id='word_1_58' title='bbox 535 1596 589 1659; x_wconf 92' lang='lat' dir='ltr'><strong>hio</strong></span> <span class='ocrx_word' id='word_1_59' title='bbox 612 1594 700 1680; x_wconf 89' lang='lat' dir='ltr'><strong>quod</strong></span> <span class='ocrx_word' id='word_1_60' title='bbox 724 1597 865 1661; x_wconf 89' lang='lat' dir='ltr'><strong>earmine</strong></span> <span class='ocrx_word' id='word_1_61' title='bbox 887 1594 922 1660; x_wconf 92' lang='lat' dir='ltr'>X</span> <span class='ocrx_word' id='word_1_62' title='bbox 945 1616 1010 1661; x_wconf 89' lang='lat' dir='ltr'><strong>usu</strong></span> <span class='ocrx_word' id='word_1_63' title='bbox 1031 1596 1141 1661; x_wconf 88' lang='lat' dir='ltr'><strong>venit:</strong></span> <span class='ocrx_word' id='word_1_64' title='bbox 1165 1596 1256 1663; x_wconf 92' lang='lat' dir='ltr'><strong>idem</strong></span> 
     </span>
     <span class='ocr_line' id='line_1_12' title="bbox 217 1708 1257 1795; baseline 0.002 -22"><span class='ocrx_word' id='word_1_65' title='bbox 217 1713 424 1795; x_wconf 83' lang='lat' dir='ltr'><strong>praeceptum</strong></span> <span class='ocrx_word' id='word_1_66' title='bbox 443 1708 494 1774; x_wconf 88' lang='lat' dir='ltr'><strong>bis</strong></span> <span class='ocrx_word' id='word_1_67' title='bbox 514 1709 661 1793; x_wconf 83' lang='lat' dir='ltr'><strong>traditur,</strong></span> <span class='ocrx_word' id='word_1_68' title='bbox 681 1709 787 1775; x_wconf 89' lang='lat' dir='ltr'><strong>soluta</strong></span> <span class='ocrx_word' id='word_1_69' title='bbox 799 1711 942 1775; x_wconf 88' lang='lat' dir='ltr'><strong>oratione</strong></span> <span class='ocrx_word' id='word_1_70' title='bbox 952 1715 985 1775; x_wconf 92' lang='lat' dir='ltr'><strong>et</strong></span> <span class='ocrx_word' id='word_1_71' title='bbox 995 1729 1093 1776; x_wconf 87' lang='lat' dir='ltr'><strong>versu</strong></span> <span class='ocrx_word' id='word_1_72' title='bbox 1106 1713 1257 1794; x_wconf 80' lang='lat' dir='ltr'><strong>senari03</strong></span> 
     </span>
     <span class='ocr_line' id='line_1_13' title="bbox 218 1821 1259 1909; baseline 0.004 -23"><span class='ocrx_word' id='word_1_73' title='bbox 218 1821 307 1887; x_wconf 89' lang='lat' dir='ltr'><strong>huno</strong></span> <span class='ocrx_word' id='word_1_74' title='bbox 338 1841 412 1908; x_wconf 83' lang='lat' dir='ltr'><strong>ergo</strong></span> <span class='ocrx_word' id='word_1_75' title='bbox 437 1824 518 1906; x_wconf 91' lang='lat' dir='ltr'><strong>quin</strong></span> <span class='ocrx_word' id='word_1_76' title='bbox 541 1821 692 1887; x_wconf 90' lang='lat' dir='ltr'><strong>Perottus</strong></span> <span class='ocrx_word' id='word_1_77' title='bbox 714 1824 749 1886; x_wconf 93' lang='lat' dir='ltr'><strong>in</strong></span> <span class='ocrx_word' id='word_1_78' title='bbox 773 1822 882 1888; x_wconf 87' lang='lat' dir='ltr'><strong>oodioa</strong></span> <span class='ocrx_word' id='word_1_79' title='bbox 902 1842 967 1909; x_wconf 92' lang='lat' dir='ltr'><strong>quo</strong></span> <span class='ocrx_word' id='word_1_80' title='bbox 987 1821 1140 1887; x_wconf 90' lang='lat' dir='ltr'><strong>utebatur</strong></span> <span class='ocrx_word' id='word_1_81' title='bbox 1161 1823 1259 1890; x_wconf 80' lang='lat' dir='ltr'><strong>Inve-</strong></span> 
     </span>
     <span class='ocr_line' id='line_1_14' title="bbox 217 1934 1258 2022; baseline 0.003 -22"><span class='ocrx_word' id='word_1_82' title='bbox 217 1937 302 2002; x_wconf 88' lang='lat' dir='ltr'><strong>nerit</strong></span> <span class='ocrx_word' id='word_1_83' title='bbox 324 1936 415 2001; x_wconf 89' lang='lat' dir='ltr'><strong>nulla</strong></span> <span class='ocrx_word' id='word_1_84' title='bbox 438 1942 488 2001; x_wconf 90' lang='lat' dir='ltr'><strong>est</strong></span> <span class='ocrx_word' id='word_1_85' title='bbox 510 1935 675 2000; x_wconf 87' lang='lat' dir='ltr'><strong>dubitatio.</strong></span> <span class='ocrx_word' id='word_1_86' title='bbox 699 1935 773 2000; x_wconf 90' lang='lat' dir='ltr'><strong>Non</strong></span> <span class='ocrx_word' id='word_1_87' title='bbox 797 1937 926 2002; x_wconf 85' lang='lat' dir='ltr'><strong>videtur</strong></span> <span class='ocrx_word' id='word_1_88' title='bbox 945 1934 1134 2002; x_wconf 80' lang='lat' dir='ltr'><strong>Incredibile</strong></span> <span class='ocrx_word' id='word_1_89' title='bbox 1143 1937 1258 2022; x_wconf 90' lang='lat' dir='ltr'><strong>ipsum</strong></span> 
     </span>
     <span class='ocr_line' id='line_1_15' title="bbox 217 2048 1258 2135; baseline 0.003 -21"><span class='ocrx_word' id='word_1_90' title='bbox 217 2049 402 2114; x_wconf 91' lang='lat' dir='ltr'><strong>Phaedrum</strong></span> <span class='ocrx_word' id='word_1_91' title='bbox 425 2049 579 2115; x_wconf 78' lang='lat' dir='ltr'><strong>adIeeIsse</strong></span> <span class='ocrx_word' id='word_1_92' title='bbox 602 2053 640 2114; x_wconf 88' lang='lat' dir='ltr'><strong>ut</strong></span> <span class='ocrx_word' id='word_1_93' title='bbox 660 2048 802 2114; x_wconf 90' lang='lat' dir='ltr'><strong>fabulam</strong></span> <span class='ocrx_word' id='word_1_94' title='bbox 825 2050 865 2114; x_wconf 91' lang='lat' dir='ltr'><strong>ad</strong></span> <span class='ocrx_word' id='word_1_95' title='bbox 886 2069 978 2115; x_wconf 88' lang='lat' dir='ltr'><strong>suam</strong></span> <span class='ocrx_word' id='word_1_96' title='bbox 1003 2050 1106 2135; x_wconf 89' lang='lat' dir='ltr'><strong>ipsius</strong></span> <span class='ocrx_word' id='word_1_97' title='bbox 1131 2054 1258 2117; x_wconf 90' lang='lat' dir='ltr'><strong>sortem</strong></span> 
     </span>
     <span class='ocr_line' id='line_1_16' title="bbox 217 2163 1259 2248; baseline 0 -19"><span class='ocrx_word' id='word_1_98' title='bbox 217 2163 350 2230; x_wconf 90' lang='lat' dir='ltr'><strong>referret</strong></span> <span class='ocrx_word' id='word_1_99' title='bbox 379 2169 411 2229; x_wconf 93' lang='lat' dir='ltr'><strong>et</strong></span> <span class='ocrx_word' id='word_1_100' title='bbox 434 2165 496 2228; x_wconf 89' lang='lat' dir='ltr'><strong>hoe</strong></span> <span class='ocrx_word' id='word_1_101' title='bbox 519 2163 655 2229; x_wconf 82' lang='lat' dir='ltr'><strong>diceret:</strong></span> <span class='ocrx_word' id='word_1_102' title='bbox 683 2164 854 2248; x_wconf 79' lang='lat' dir='ltr'><strong>„equidem</strong></span> <span class='ocrx_word' id='word_1_103' title='bbox 879 2169 996 2229; x_wconf 92' lang='lat' dir='ltr'><strong>natura</strong></span> <span class='ocrx_word' id='word_1_104' title='bbox 1015 2168 1104 2229; x_wconf 88' lang='lat' dir='ltr'><strong>tanto</strong></span> <span class='ocrx_word' id='word_1_105' title='bbox 1124 2165 1259 2248; x_wconf 87' lang='lat' dir='ltr'><strong>praedi·</strong></span> 
     </span>
     <span class='ocr_line' id='line_1_17' title="bbox 217 2275 1258 2363; baseline 0.002 -21"><span class='ocrx_word' id='word_1_106' title='bbox 217 2281 271 2342; x_wconf 87' lang='lat' dir='ltr'><strong>tus</strong></span> <span class='ocrx_word' id='word_1_107' title='bbox 290 2277 420 2363; x_wconf 85' lang='lat' dir='ltr'><strong>ingenio</strong></span> <span class='ocrx_word' id='word_1_108' title='bbox 440 2295 497 2361; x_wconf 91' lang='lat' dir='ltr'><strong>pro</strong></span> <span class='ocrx_word' id='word_1_109' title='bbox 517 2275 617 2341; x_wconf 87' lang='lat' dir='ltr'><strong>nihilo</strong></span> <span class='ocrx_word' id='word_1_110' title='bbox 637 2275 758 2342; x_wconf 89' lang='lat' dir='ltr'><strong>habeor</strong></span> <span class='ocrx_word' id='word_1_111' title='bbox 774 2279 929 2362; x_wconf 91' lang='lat' dir='ltr'><strong>quoniam</strong></span> <span class='ocrx_word' id='word_1_112' title='bbox 940 2277 975 2341; x_wconf 92' lang='lat' dir='ltr'><strong>in</strong></span> <span class='ocrx_word' id='word_1_113' title='bbox 988 2277 1136 2342; x_wconf 90' lang='lat' dir='ltr'><strong>homines</strong></span> <span class='ocrx_word' id='word_1_114' title='bbox 1147 2277 1258 2344; x_wconf 83' lang='lat' dir='ltr'><strong>incidi</strong></span> 
     </span>
     <span class='ocr_line' id='line_1_18' title="bbox 217 2388 570 2475; baseline 0 -20"><span class='ocrx_word' id='word_1_115' title='bbox 217 2391 297 2455; x_wconf 88' lang='lat' dir='ltr'><strong>artis</strong></span> <span class='ocrx_word' id='word_1_116' title='bbox 315 2388 570 2475; x_wconf 84' lang='lat' dir='ltr'><strong>ignarissimos.&#39;&#39;</strong></span> 
     </span>
    </p>

    <p class='ocr_par' dir='ltr' id='par_1_8' title="bbox 218 2502 1257 2682">
     <span class='ocr_line' id='line_1_19' title="bbox 262 2502 1257 2589; baseline 0.004 -21"><span class='ocrx_word' id='word_1_117' title='bbox 262 2502 355 2568; x_wconf 91' lang='lat' dir='ltr'>XIII</span> <span class='ocrx_word' id='word_1_118' title='bbox 366 2503 398 2567; x_wconf 90' lang='lat' dir='ltr'>N</span> <span class='ocrx_word' id='word_1_119' title='bbox 399 2505 576 2569; x_wconf 87' lang='lat' dir='ltr'><strong>otissimam</strong></span> <span class='ocrx_word' id='word_1_120' title='bbox 589 2503 756 2569; x_wconf 81' lang='lat' dir='ltr'><strong>historiam</strong></span> <span class='ocrx_word' id='word_1_121' title='bbox 767 2522 875 2589; x_wconf 88' lang='lat' dir='ltr'><strong>neque</strong></span> <span class='ocrx_word' id='word_1_122' title='bbox 885 2503 1059 2570; x_wconf 89' lang='lat' dir='ltr'><strong>invenuste</strong></span> <span class='ocrx_word' id='word_1_123' title='bbox 1071 2523 1091 2568; x_wconf 89' lang='lat' dir='ltr'><strong>a</strong></span> <span class='ocrx_word' id='word_1_124' title='bbox 1101 2502 1257 2572; x_wconf 90' lang='lat' dir='ltr'><strong>Phaedro</strong></span> 
     </span>
     <span class='ocr_line' id='line_1_20' title="bbox 218 2616 681 2682; baseline -0.002 -1"><span class='ocrx_word' id='word_1_125' title='bbox 218 2620 379 2682; x_wconf 85' lang='lat' dir='ltr'><strong>narratam</strong></span> <span class='ocrx_word' id='word_1_126' title='bbox 404 2616 526 2681; x_wconf 84' lang='lat' dir='ltr'><strong>claudit</strong></span> <span class='ocrx_word' id='word_1_127' title='bbox 548 2635 681 2682; x_wconf 80' lang='lat' dir='ltr'><strong>versus:</strong></span> 
     </span>
    </p>
   </div>
   <div class='ocr_carea' id='block_1_7' title="bbox 352 2778 1013 2864">
    <p class='ocr_par' dir='ltr' id='par_1_9' title="bbox 352 2778 1013 2864">
     <span class='ocr_line' id='line_1_21' title="bbox 352 2778 1013 2864; baseline 0 -21"><span class='ocrx_word' id='word_1_128' title='bbox 352 2778 405 2844; x_wconf 87' lang='lat' dir='ltr'><strong>Sio</strong></span> <span class='ocrx_word' id='word_1_129' title='bbox 427 2778 596 2864; x_wconf 90' lang='lat' dir='ltr'><strong>turpitudo</strong></span> <span class='ocrx_word' id='word_1_130' title='bbox 618 2778 724 2845; x_wconf 88' lang='lat' dir='ltr'><strong>laudis</strong></span> <span class='ocrx_word' id='word_1_131' title='bbox 747 2778 873 2844; x_wconf 89' lang='lat' dir='ltr'><strong>obsedit</strong></span> <span class='ocrx_word' id='word_1_132' title='bbox 895 2779 1013 2845; x_wconf 84' lang='lat' dir='ltr'><strong>locum.</strong></span> 
     </span>
    </p>
   </div>
   <div class='ocr_carea' id='block_1_8' title="bbox 219 2928 1262 3337">
    <p class='ocr_par' dir='ltr' id='par_1_10' title="bbox 219 2928 1262 3337">
     <span class='ocr_line' id='line_1_22' title="bbox 262 2928 1260 3015; baseline 0.003 -21"><span class='ocrx_word' id='word_1_133' title='bbox 262 2928 371 2995; x_wconf 90' lang='lat' dir='ltr'><strong>Habet</strong></span> <span class='ocrx_word' id='word_1_134' title='bbox 400 2933 485 2995; x_wconf 90' lang='lat' dir='ltr'><strong>oerte</strong></span> <span class='ocrx_word' id='word_1_135' title='bbox 516 2929 659 3014; x_wconf 86' lang='lat' dir='ltr'><strong>aliquam</strong></span> <span class='ocrx_word' id='word_1_136' title='bbox 689 2930 742 2994; x_wconf 86' lang='lat' dir='ltr'><strong>hio</strong></span> <span class='ocrx_word' id='word_1_137' title='bbox 764 2948 881 2995; x_wconf 87' lang='lat' dir='ltr'><strong>versus</strong></span> <span class='ocrx_word' id='word_1_138' title='bbox 904 2929 1073 3015; x_wconf 87' lang='lat' dir='ltr'><strong>epimythii</strong></span> <span class='ocrx_word' id='word_1_139' title='bbox 1097 2930 1260 2998; x_wconf 89' lang='lat' dir='ltr'><strong>similitu·</strong></span> 
     </span>
     <span class='ocr_line' id='line_1_23' title="bbox 219 3044 1259 3129; baseline 0.003 -19"><span class='ocrx_word' id='word_1_140' title='bbox 219 3045 337 3128; x_wconf 88' lang='lat' dir='ltr'><strong>dinem,</strong></span> <span class='ocrx_word' id='word_1_141' title='bbox 371 3044 496 3109; x_wconf 88' lang='lat' dir='ltr'><strong>iustum</strong></span> <span class='ocrx_word' id='word_1_142' title='bbox 529 3048 639 3108; x_wconf 88' lang='lat' dir='ltr'><strong>tamen</strong></span> <span class='ocrx_word' id='word_1_143' title='bbox 673 3044 887 3129; x_wconf 87' lang='lat' dir='ltr'><strong>epimythium</strong></span> <span class='ocrx_word' id='word_1_144' title='bbox 913 3045 1023 3109; x_wconf 81' lang='lat' dir='ltr'><strong>vocari</strong></span> <span class='ocrx_word' id='word_1_145' title='bbox 1045 3061 1113 3107; x_wconf 91' lang='lat' dir='ltr'><strong>non</strong></span> <span class='ocrx_word' id='word_1_146' title='bbox 1136 3049 1259 3128; x_wconf 86' lang='lat' dir='ltr'><strong>potest</strong></span> 
     </span>
     <span class='ocr_line' id='line_1_24' title="bbox 219 3156 1262 3244; baseline 0.004 -21"><span class='ocrx_word' id='word_1_147' title='bbox 219 3156 305 3236; x_wconf 84' lang='lat' dir='ltr'><strong>Quin</strong></span> <span class='ocrx_word' id='word_1_148' title='bbox 328 3159 398 3243; x_wconf 91' lang='lat' dir='ltr'><strong>ipse</strong></span> <span class='ocrx_word' id='word_1_149' title='bbox 421 3157 589 3223; x_wconf 87' lang='lat' dir='ltr'><strong>Phaedrus</strong></span> <span class='ocrx_word' id='word_1_150' title='bbox 613 3176 745 3224; x_wconf 82' lang='lat' dir='ltr'><strong>versum</strong></span> <span class='ocrx_word' id='word_1_151' title='bbox 769 3159 956 3244; x_wconf 79' lang='lat' dir='ltr'><strong>ceteroquin</strong></span> <span class='ocrx_word' id='word_1_152' title='bbox 978 3158 1057 3224; x_wconf 89' lang='lat' dir='ltr'><strong>satis</strong></span> <span class='ocrx_word' id='word_1_153' title='bbox 1076 3163 1262 3227; x_wconf 83' lang='lat' dir='ltr'><strong>venustum</strong></span> 
     </span>
     <span class='ocr_line' id='line_1_25' title="bbox 219 3268 604 3337; baseline -0.008 0"><span class='ocrx_word' id='word_1_154' title='bbox 219 3272 370 3337; x_wconf 82' lang='lat' dir='ltr'><strong>adiecerit</strong></span> <span class='ocrx_word' id='word_1_155' title='bbox 391 3290 458 3337; x_wconf 91' lang='lat' dir='ltr'><strong>non</strong></span> <span class='ocrx_word' id='word_1_156' title='bbox 481 3268 604 3336; x_wconf 89' lang='lat' dir='ltr'><strong>dubito.</strong></span> 
     </span>
    </p>
   </div>
   <div class='ocr_carea' id='block_1_9' title="bbox 263 3384 490 3470">
    <p class='ocr_par' dir='ltr' id='par_1_11' title="bbox 263 3384 490 3470">
     <span class='ocr_line' id='line_1_26' title="bbox 263 3384 490 3470; baseline -0.004 -20"><span class='ocrx_word' id='word_1_157' title='bbox 263 3384 372 3469; x_wconf 86' lang='lat' dir='ltr'>XVII,</span> <span class='ocrx_word' id='word_1_158' title='bbox 398 3387 415 3448; x_wconf 79' lang='lat'><strong>7</strong></span> <span class='ocrx_word' id='word_1_159' title='bbox 442 3405 490 3470; x_wconf 92' lang='lat' dir='ltr'><strong>sq.</strong></span> 
     </span>
    </p>
   </div>
   <div class='ocr_carea' id='block_1_10' title="bbox 353 3546 1048 3748">
    <p class='ocr_par' dir='ltr' id='par_1_12' title="bbox 353 3546 1048 3748">
     <span class='ocr_line' id='line_1_27' title="bbox 355 3546 1048 3635; baseline -0.001 -21"><span class='ocrx_word' id='word_1_160' title='bbox 355 3546 478 3625; x_wconf 84' lang='lat' dir='ltr'><strong>Quodsi</strong></span> <span class='ocrx_word' id='word_1_161' title='bbox 500 3547 654 3633; x_wconf 87' lang='lat' dir='ltr'><strong>perfidiae</strong></span> <span class='ocrx_word' id='word_1_162' title='bbox 676 3567 711 3615; x_wconf 89' lang='lat' dir='ltr'><strong>se</strong></span> <span class='ocrx_word' id='word_1_163' title='bbox 734 3549 947 3616; x_wconf 80' lang='lat' dir='ltr'><strong>commisisset</strong></span> <span class='ocrx_word' id='word_1_164' title='bbox 969 3549 1048 3635; x_wconf 90' lang='lat' dir='ltr'><strong>lupi,</strong></span> 
     </span>
     <span class='ocr_line' id='line_1_28' title="bbox 353 3662 955 3748; baseline 0.002 -20"><span class='ocrx_word' id='word_1_165' title='bbox 353 3681 470 3748; x_wconf 86' lang='lat' dir='ltr'><strong>parens</strong></span> <span class='ocrx_word' id='word_1_166' title='bbox 493 3662 605 3748; x_wconf 84' lang='lat' dir='ltr'><strong>dolori,</strong></span> <span class='ocrx_word' id='word_1_167' title='bbox 626 3662 692 3729; x_wconf 85' lang='lat' dir='ltr'><strong>fata</strong></span> <span class='ocrx_word' id='word_1_168' title='bbox 715 3662 864 3731; x_wconf 85' lang='lat' dir='ltr'><strong>deflesset</strong></span> <span class='ocrx_word' id='word_1_169' title='bbox 886 3684 955 3731; x_wconf 85' lang='lat' dir='ltr'><strong>sua</strong></span> 
     </span>
    </p>
   </div>
   <div class='ocr_carea' id='block_1_11' title="bbox 0 0 1342 4290">
    <p class='ocr_par' dir='ltr' id='par_1_13' title="bbox 0 0 1342 4290">
     <span class='ocr_line' id='line_1_29' title="bbox 0 0 1342 4290; baseline 0 0"><span class='ocrx_word' id='word_1_170' title='bbox 0 0 1342 4290; x_wconf 95' lang='lat' dir='ltr'><strong> </strong></span> 
     </span>
    </p>
   </div>
  </div>
 </body>
</html>
