2676 4290
621 334 661 398 ot

160 521 195 586 L
215 522 255 607 V,
276 522 304 586 1.
323 522 410 588 Pon:
438 520 587 608 qomodo
609 539 699 605 saepe
723 518 862 602 fallotm·
886 517 1045 582 heminton
1066 517 1149 583 iodi-

113 636 209 701 oium.
231 635 271 700 In
290 636 436 702 Phaedro
459 635 588 700 nullum
600 639 649 699 est
660 633 881 718 promythium
894 632 1150 717 epimythiumve

113 752 204 835 quod
227 752 373 817 omittere
396 752 541 836 potuerit
562 748 700 814 Perotto.

162 864 240 930 Tres
270 869 356 949 sunt,
386 883 469 949 quae
492 864 604 947 aliquo
628 861 758 946 quidem
782 879 879 926 versu
904 859 1052 925 codicum
1076 858 1150 923 Gal-

111 977 294 1042 licanorum
324 981 460 1055 careant,
493 975 550 1042 sed
582 974 673 1040 nullo
703 973 791 1059 quod
823 972 864 1037 ad
888 973 971 1037 hano
994 973 1151 1057 pertineat

113 1109 178 1156 oau
196 1111 256 1156 am.

161 1111 198 1268 Iis.
229 1203 289 1268 111.
321 1204 372 1267 14.
395 1203 486 1269 Pon:
514 1201 737 1268 Rewsaadoon
759 1221 822 1266 esse
844 1200 1003 1266 interdum
1025 1201 1100 1265 iocis
1122 1207 1151 1266 et

113 1316 201 1381 lodis
231 1316 381 1382 animum.
413 1315 467 1381 Ex
496 1317 566 1401 ipsa
597 1315 708 1381 fabula
739 1315 878 1380 omissus
910 1314 962 1379 vel
984 1314 1150 1400 neglectus

116 1433 168 1496 est
191 1449 238 1495 vs.
262 1431 300 1493 8:

250 1600 320 1667 Neo
343 1603 541 1688 quaestionis
563 1603 685 1687 positae
708 1622 839 1667 oausam
861 1601 1019 1687 inteiligit.

160 1777 195 1842 L
218 1778 278 1863 HI,
303 1779 354 1844 19.
377 1778 466 1845 Pon:
490 1780 525 1843 ia
546 1783 638 1844 teate
659 1778 839 1844 mortalitate
861 1778 1149 1865 multitudinepoa-

116 1912 169 1957 eos
199 1912 263 1956 essa
290 1891 435 1957 homines.
467 1890 616 1957 omissus
646 1899 695 1958 est
727 1893 861 1958 ultimus
888 1911 1043 1959 versuum
1067 1913 1150 1978 quos

112 2004 300 2071 nmatione
322 2011 379 2071 aut
401 2005 568 2072 Phaedrus
592 2012 649 2072 aut
671 2006 771 2072 leotor
794 2006 912 2092 aliquis
934 2006 1044 2090 (dubia
1063 2008 1150 2072 enim

115 2138 173 2186 res
195 2120 331 2204 videtur)
355 2119 492 2184 addidit:

250 2296 322 2361 Hoo
345 2297 374 2360 si
392 2295 547 2360 molestus
570 2295 626 2360 ille
649 2294 690 2360 ad
713 2296 859 2360 animum
882 2295 1015 2377 rettulit,

250 2411 351 2476 sensit
371 2408 513 2494 profecto
537 2426 572 2474 se
593 2408 757 2474 hominem
776 2427 843 2473 non
865 2409 975 2473 visum
1002 2409 1081 2493 seni,

248 2523 474 2607 intempestive
497 2522 555 2606 qui
577 2525 731 2605 oooupato
755 2521 908 2587 alluserit.

160 2695 197 2761 L.
219 2696 277 2780 IV,
301 2698 353 2761 22.
384 2695 464 2762 Per:
499 2696 633 2762 multam
662 2716 782 2781 semper
811 2696 950 2761 inuidiae
979 2697 1063 2762 inter
1094 2697 1147 2764 ho

113 2812 215 2876 minas
236 2831 307 2875 essa.
330 2809 394 2875 Pro
417 2811 530 2895 primis
552 2809 701 2875 versibus

251 2970 336 3049 Quid
359 2972 503 3037 iudicare
528 2973 644 3057 cogitet
666 2972 750 3037 livor
773 2971 877 3036 malus

248 3087 325 3150 lieet
348 3086 537 3168 dissimulet,
561 3085 695 3170 pulchre
717 3090 825 3150 tamon
849 3085 1002 3170 intelligo.

248 3198 414 3285 Quidquid
437 3199 564 3285 putabit
587 3218 658 3264 esse
681 3200 816 3284 dignum
838 3202 1001 3264 memoria.

159 3362 288 3429 Porotto
321 3362 433 3428 habet:
468 3362 545 3428 Heu
579 3368 718 3449 quantas
748 3370 792 3428 est
822 3384 941 3450 semper
963 3365 1146 3432 monalium

113 3478 210 3543 livor!
243 3477 323 3546 Sunt
353 3480 409 3564 qai
432 3478 588 3565 quidquid
604 3484 725 3562 pateat
748 3478 879 3562 dueum
901 3481 1058 3544 memmio.
1083 3480 1145 3546 Sed

109 3592 194 3657 nihil
216 3596 320 3657 totum
344 3593 405 3656 hoo
428 3611 567 3676 carmen,
591 3591 680 3677 quod
701 3593 825 3657 nullam
845 3592 989 3658 fabulam
1008 3595 1144 3660 161661-

113 3707 271 3771 rationem
294 3708 464 3788 contineat,
488 3707 528 3770 ad
550 3706 634 3770 hano
657 3706 885 3790 quaestionem.
