2676 4290
616 337 655 400 71

251 618 324 685 Hoc
347 619 519 686 admonere
542 622 704 708 simplices
728 625 825 688 etiam
849 628 962 709 polest,

252 733 401 817 opinione
424 733 536 800 altrius
558 736 681 820 nequid
703 737 896 822 ponderent:

250 845 383 911 ambitio
406 866 547 932 namque
570 847 730 914 dissidens
753 849 938 915 mortalium

249 964 306 1025 aut
326 961 449 1046 gratiae
472 959 646 1027 subscribit
669 966 725 1027 aut
749 962 822 1027 odio
846 982 915 1028 suo.

168 1097 170 1103 ·
249 1070 320 1138 Erit
341 1073 397 1138 ille
420 1078 518 1140 notus
543 1094 640 1159 quem
663 1094 720 1161 per
743 1080 775 1141 te
797 1078 995 1161 cognoveris.

292 1185 383 1252 Haec
405 1192 580 1252 exsecutus
603 1207 677 1253 sum
700 1193 867 1275 propterea
889 1189 1039 1275 pluribus

247 1296 403 1365 brevitate
426 1301 527 1365 nimia
549 1302 704 1386 quoniam
727 1302 884 1386 quosdam
909 1303 1110 1370 offendimus.

158 1486 273 1552 Ultimi
289 1507 422 1555 versus:
450 1488 577 1572 „Haec
592 1489 869 1556 „offendimus”
881 1491 921 1556 ad
934 1491 1144 1558 deridendum

58 1676 64 1689 Α
111 1604 239 1686 podiam
267 1603 379 1687 scripti
400 1602 563 1668 videntur.
636 1584 638 1588 ¹

157 1715 216 1800 ΠΙ,
240 1717 292 1781 13.
316 1717 458 1784 Fabulae
482 1719 521 1783 de
544 1718 601 1783 lite
623 1720 708 1785 inter
729 1737 806 1805 apes
827 1719 987 1804 fucosque
1005 1741 1025 1785 a
1044 1740 1144 1808 vespa

111 1830 269 1916 dirempta
292 1831 379 1916 apud
402 1831 585 1898 Phaedrum
607 1832 642 1896 hi
665 1851 779 1898 versus
802 1833 984 1899 adduntur:

241 2028 337 2094 Hauc
359 2032 582 2115 praeterissem
605 2029 748 2096 fabulam
773 2033 911 2117 silentio,

243 2144 271 2208 si
293 2148 418 2229 pactam
441 2144 508 2209 fuci
530 2164 597 2208 non
618 2151 822 2212 recusassent
843 2146 950 2212 fidem.

152 2330 192 2394 In
226 2330 294 2396 cod.
324 2331 364 2396 V.
395 2351 461 2396 non
484 2332 644 2416 leguntur.
668 2333 700 2396 A
722 2331 845 2397 Perolti
867 2336 997 2399 auctore
1020 2338 1140 2400 temere

105 2445 244 2510 omissos
275 2463 345 2511 esse
376 2445 593 2529 concederem,
617 2447 646 2509 si
668 2464 781 2510 eorum
806 2448 998 2511 sententiam
1021 2448 1139 2514 melius

104 2559 330 2643 perspicerem.

148 2669 208 2750 ΙΠ,
232 2670 283 2735 15.
306 2670 431 2736 Fabula
454 2672 493 2737 de
515 2691 594 2738 cane
617 2672 658 2736 ad
680 2691 801 2757 agnum
824 2672 860 2735 in
883 2671 1050 2739 codicibus
1063 2673 1138 2738 Gal·

104 2783 219 2849 licanis
241 2785 303 2849 hoc
324 2784 422 2849 habet
445 2786 675 2870 epimythium:

236 2956 299 3023 His
323 2958 541 3024 demonstrare
563 2960 667 3024 voluit
689 2964 802 3025 auctor
823 2960 973 3027 versibus

280 3071 435 3138 obsistere
458 3074 605 3138 homines
628 3073 765 3158 legibus,
791 3076 913 3140 meritis
938 3078 1017 3160 capi.

146 3246 186 3310 In
220 3248 289 3312 cod.
324 3248 364 3312 V.
398 3269 465 3314 non
495 3250 629 3334 legitur3
660 3255 756 3335 recte,
786 3257 824 3316 ut
846 3252 975 3337 opinor;
1000 3272 1134 3337 prorsus

99 3361 185 3425 enim
211 3380 484 3446 supervacaneum
508 3367 566 3446 est,
589 3367 620 3427 et
642 3365 702 3427 vix
721 3363 872 3428 credibile
891 3364 1134 3430 rideturPhae-

99 3473 204 3558 drum,
235 3494 339 3558 quum
370 3475 453 3539 hanc
482 3475 624 3541 fabulam
656 3475 817 3560 scriberet,
845 3480 942 3542 etiam
966 3479 1133 3564 Aesopum

98 3592 262 3652 auctorem
296 3589 420 3671 citasse,
452 3607 549 3672 quem
581 3592 644 3653 iam
676 3609 753 3675 prae
784 3610 819 3655 se
842 3595 1069 3657 contemneret.
1093 3591 1131 3656 cf.

98 3699 185 3766 Prol.
211 3703 231 3765 5
256 3722 325 3787 sqq.
