2676 4290
563 215 604 280 12

75 404 219 492 opulenti
242 406 390 472 homines
413 406 548 471 vanitati
564 405 770 490 indulgentes
790 405 981 469 testamento
992 402 1103 487 ingen·

75 526 141 586 tem
183 539 349 586 servorum
384 519 508 604 copiam
544 518 771 584 manumittere
806 521 844 582 ut
878 517 974 602 longa
1007 518 1106 583 series

73 634 264 719 pileatorum
286 633 386 698 funus
410 653 507 699 suum
530 636 786 718 prosequeretur.
809 630 852 696 ut
876 650 941 715 quo
966 632 1106 715 quisque

73 746 298 813 libertinorum
317 747 454 831 nequior
476 751 544 812 erat
566 764 604 811 eo
626 745 700 830 plus
723 744 785 809 sibi
808 742 983 829 arrogabat,
1007 743 1104 809 siali-

74 861 153 946 quid
164 860 335 926 'accederet
353 878 570 925 nummorum.
590 857 641 931 ua
654 859 755 943 pestis
767 876 823 943 per
835 854 967 941 aliquod
978 860 1105 941 tempus

74 992 256 1058 compressa
287 993 384 1058 quam
415 976 560 1058 grassata
592 974 634 1038 sit
654 973 832 1057 imperante
856 970 989 1037 claudio
1012 969 1106 1037 facile

74 1092 123 1154 est
156 1088 198 1153 ad
231 1088 493 1173 intelligendum:
528 1088 557 1152 is
591 1088 676 1153 enim
711 1087 781 1171 ipsc
809 1105 868 1171 pro
898 1086 999 1151 nihilo
1024 1090 1103 1170 erat,

72 1201 273 1287 imperabant
306 1201 413 1268 liberti
442 1200 614 1267 Narcissus
643 1200 824 1284 Pallasque,
847 1218 954 1284 neque
975 1199 1104 1284 illepide

73 1315 193 1383 Seneca
222 1318 257 1380 in
281 1321 390 1400 satyra
414 1318 600 1401 ceteroquin
624 1317 702 1381 satis
723 1315 858 1398 insulsa,
880 1313 939 1379 ubi
960 1315 1105 1380 narravit

72 1430 107 1495 in
141 1430 267 1496 coelum
302 1429 471 1495 advenisse
501 1427 673 1495 Olaudium
703 1429 783 1492 haec
813 1426 918 1493 addit:
954 1432 1103 1512 ,putares

73 1561 185 1609 omnes
219 1542 307 1609 illius
338 1562 409 1609 esse
439 1541 579 1626 libertos,
603 1543 682 1609 adeo
704 1541 799 1607 illum
822 1560 916 1607 nemo
940 1540 1102 1607 curabat''

17 1706 20 1714 .
72 1655 261 1722 Istiusmodi
291 1657 525 1741 imperatorem,
556 1656 614 1741 qui
644 1656 714 1741 ipse
743 1655 822 1720 adeo
845 1658 930 1721 esset
950 1657 986 1720 in
1007 1654 1102 1721 liber-

72 1775 179 1835 tomm
214 1789 349 1836 suorum
382 1773 548 1855 potestate,
581 1788 646 1833 non
678 1772 727 1834 est
758 1767 910 1834 credibile
933 1787 1100 1834 servorum

72 1883 401 1950 manumittendorum
433 1883 596 1949 licentiam
622 1882 743 1948 severis
766 1880 891 1967 legibus
914 1883 1102 1948 coercuisse.

71 1996 235 2063 Eademne
267 1999 334 2063 iam
363 1995 461 2063 fuerit
493 1994 655 2082 Caligulas
684 1995 829 2061 socordia
853 1999 885 2061 et
907 1995 1103 2081 negligentia
1161 1985 1167 2005 '

72 2113 253 2194 nescimus;
284 2110 421 2178 habebat
442 2115 550 2176 tamen
574 2111 696 2195 etipse
719 2130 815 2175 suum
837 2109 900 2176 sibi
923 2108 1102 2195 Callistum,

70 2245 178 2311 neque
220 2245 295 2312 ergo
328 2245 403 2292 eum
439 2244 543 2290 acrem
578 2224 681 2290 fuisse
710 2223 794 2310 legis
827 2224 939 2290 Aeliae
973 2222 1102 2290 Sentias

71 2338 271 2406 defensorem
305 2337 470 2424 probabile
500 2342 557 2404 est.
580 2336 727 2404 Tiberius
750 2341 857 2403 tamen
880 2338 993 2422 primis
1016 2342 1101 2404 certe

70 2453 197 2537 imperii
219 2454 313 2518 annis
330 2451 554 2518 libertinorum
572 2450 636 2517 fuit
653 2450 865 2517 adversarius.
884 2449 1000 2536 Neque
1012 2471 1100 2537 sper·

69 2567 177 2632 nenda
210 2567 282 2632 laus
313 2571 362 2632 est
392 2586 458 2651 qua
485 2585 559 2632 eum
583 2570 676 2630 ornat
697 2565 826 2631 Tacitus
849 2565 945 2646 (Anu.
968 2564 1026 2649 IV,
1051 2567 1099 2649 7);

73 2679 170 2764 ,Ruri
192 2699 250 2765 per
271 2679 397 2745 Italiam
423 2678 568 2746 Caesaris
593 2680 671 2764 agri,
693 2678 838 2744 modesta
856 2679 997 2763 servitia,
1014 2680 1100 2745 intra

69 2813 191 2879 paucos
213 2793 347 2860 libertos
369 2791 515 2859 domus.''
538 2790 709 2878 (thnn.
722 2793 777 2874 23)
790 2791 822 2874 ¹).
846 2791 910 2858 Sed
931 2797 1042 2877 postea
1064 2795 1099 2858 in

69 2907 129 2973 hac
161 2925 351 2992 quoquere
374 2926 448 2973 eum
473 2907 636 2972 remisisse
659 2906 698 2972 de
720 2906 855 2990 pristina
878 2907 1045 2972 severitate
1068 2911 1101 2972 et

69 3021 110 3086 ad
144 3021 323 3105 nequitiam
354 3020 539 3105 prolapsum
571 3038 643 3086 esse
673 3023 811 3104 apparet.
834 3017 989 3104 Legimus
1012 3020 1098 3085 enim

68 3153 173 3200 uuum
196 3140 228 3200 et
251 3135 386 3200 alterum
411 3153 453 3200 ex
477 3135 547 3200 eius
566 3133 690 3200 libertis
710 3137 767 3198 aut
778 3134 986 3218 praedivitem
997 3133 1100 3200 fuisse

69 3253 126 3315 aut
155 3248 309 3315 honorem
340 3249 494 3315 maiorem
516 3269 615 3334 quam
636 3268 695 3334 pro
718 3251 805 3315 statu
826 3248 964 3334 gessisse
976 3247 1009 3330 ³).
1033 3245 1100 3313 Ha·
1183 3275 1188 3287 ·

100 3510 130 3578 ι)
146 3512 177 3563 u.
194 3468 276 3577 ipsius
293 3512 403 3566 ruens
420 3513 454 3580 11,
469 3511 494 3580 5,
510 3511 553 3565 ns.

100 3600 127 3669 2)
155 3603 281 3672 „Interim
305 3604 422 3657 Vetrasio
444 3604 559 3658 Pollione
582 3603 690 3674 Aegypti
713 3603 840 3670 praelecto
863 3606 968 3655 mortuo
984 3600 1099 3669 Hispano

19 3920 351 4138 ἢ,
