2676 4290
723 198 764 262 16

225 386 389 472 populum,
419 389 452 452 et
480 386 642 451 civitatem
676 383 853 450 Romanam
884 385 1072 470 parcissime
1104 384 1190 450 dedit
1225 388 1258 451 et

226 499 474 567 manumittendi
507 500 640 565 modum
669 499 863 565 terminavit
894 497 1019 564 Tiberio
1049 517 1108 584 pro
1140 498 1258 564 cliente

228 611 348 679 Graeco
379 613 499 698 petenti
524 613 696 697 rescripsit,
717 632 783 678 non
806 612 899 677 aliter
920 630 956 702 se
980 611 1131 676 daturum
1157 631 1255 695 quam

227 727 257 792 si
275 745 426 812 praesens
446 724 508 791 sibi
526 726 748 810 persuasisset,
768 745 865 809 quam
885 725 988 790 iustas
999 724 1128 809 petendi
1140 743 1256 790 causas

226 838 373 922 haberet3
398 843 430 905 et
451 838 562 905 Liviae
582 859 640 925 pro
665 839 804 924 quodam
827 837 995 904 tributario
1020 836 1110 902 Gallo
1128 839 1258 923 roganti

227 954 388 1020 civitatem
406 955 545 1040 negavit,
564 955 800 1020 immunitatem
820 953 938 1019 obtulit
952 951 1115 1018 affirmans
1128 953 1258 1019 facilius

228 1086 263 1133 se
295 1087 469 1153 passurum
499 1066 577 1134 fisco
609 1068 733 1134 detrahi
756 1067 889 1154 aliquid,
913 1087 1009 1152 quam
1033 1068 1171 1132 civitatis
1192 1065 1258 1132 Ro-

227 1199 298 1247 mae
320 1181 448 1266 vulgari
470 1179 657 1248 honorem.’'

272 1292 335 1370 Qui
371 1314 445 1380 ergo
476 1294 516 1360 ab
541 1294 700 1360 eiusmodi
731 1293 860 1359 domino
893 1313 1060 1359 summum
1082 1295 1258 1378 accepisset

226 1406 382 1474 libertatis
407 1407 600 1475 beneficium
624 1428 731 1475 nonne
750 1408 804 1474 ille
815 1407 952 1474 habebat
964 1428 1029 1493 quo
1040 1408 1256 1494 gloriaretur?

226 1520 418 1588 Praesertim
450 1523 487 1606 si,
513 1526 551 1588 ut
573 1521 706 1588 Licinus
729 1526 761 1586 et
784 1520 929 1606 Celadus,
953 1521 992 1587 de
1016 1521 1134 1607 quibus
1158 1542 1257 1606 supra

228 1636 379 1722 vidimus,
410 1641 544 1722 patrono
575 1656 635 1703 suo
666 1656 724 1722 per
753 1637 851 1702 vitam
876 1642 1025 1722 acceptus
1047 1642 1079 1703 et
1101 1637 1256 1722 probatus

227 1749 347 1816 fuerit?
369 1748 415 1815 Et
432 1750 534 1817 fuisse
556 1751 620 1816 iam
645 1749 783 1817 Phaedri
805 1755 906 1817 aetate
917 1751 1185 1836 multoslibertcs,
1197 1753 1256 1836 qui

228 1882 266 1929 ee
298 1862 452 1929 beneficio
486 1863 611 1950 indigni
642 1868 758 1949 essent,
789 1884 887 1948 quam
910 1864 1061 1931 credibile
1085 1867 1127 1931 sit
1149 1885 1191 1930 er
1213 1867 1256 1931 iis

144 1957 147 1961 ’
228 1995 311 2061 quae
335 1997 432 2062 supra
455 1977 599 2044 diximus
622 1981 759 2063 apparet
782 1976 983 2043 Libertinum
1006 1982 1113 2043 autem
1137 1998 1257 2044 seesse

227 2089 393 2156 Phaedrus
417 2090 620 2157 dissimulare
642 2111 708 2156 nen
730 2096 869 2176 peterat:
893 2094 999 2177 ipsum
1025 2110 1142 2157 nomen
1164 2111 1255 2177 pere-

225 2206 356 2289 grinum
386 2204 546 2289 prodebat
579 2203 673 2282 Quod
690 2223 780 2290 ergo
803 2205 833 2271 ei
851 2224 970 2270 nomen
990 2204 1255 2271 honorificentius

224 2317 374 2384 accedere
395 2320 501 2404 potuit
523 2339 621 2403 quam
643 2318 724 2385 illud
747 2320 936 2406 Augusti
957 2319 1134 2385 liberti?
