2676 4290
611 333 652 396 81

196 515 315 582 criticis
350 517 555 601 instructum,
579 537 662 604 quae
683 519 827 585 recensio
851 520 1022 605 aliquoties
1046 521 1140 606 typis

198 635 247 696 cst
276 634 417 717 repetita.
447 631 512 698 Hic
542 634 642 718 igitur
672 636 730 717 vir,
754 636 857 720 siquis
878 635 962 700 alius
989 637 1144 700 metricae

197 746 349 830 antiquae
383 750 415 811 et
446 745 585 812 Graecae
612 751 643 812 et
677 746 810 812 Latinae
845 750 981 833 peritus,
1016 750 1140 834 primus

198 858 237 924 de
260 863 327 925 arte
346 879 501 925 versuum
525 860 662 926 Phaedri
682 862 1014 946 recteiudicarit,nec
1026 864 1140 928 minus
1219 859 1221 863 ’

201 972 263 1037 alia
290 973 392 1039 multa
409 976 444 1039 in
468 975 579 1041 eodem
602 976 755 1061 scriptore
776 977 902 1061 primus
927 981 999 1062 apte
1024 978 1144 1042 consti·

200 1088 270 1152 tuit
300 1087 488 1155 Notandum
521 1095 630 1155 tamen
662 1095 710 1156 est
741 1109 817 1157 eum
837 1110 904 1155 non
928 1092 1039 1158 eadem
1063 1092 1146 1157 assi-

200 1201 321 1268 duitate
355 1222 452 1269 curae
483 1224 547 1290 qua
576 1202 761 1270 Terentium
793 1210 825 1270 et
857 1204 1032 1271 Horatium
1073 1224 1145 1291 per·

200 1319 353 1383 tractasse
363 1317 557 1402 Phaedrum,
569 1319 626 1384 sed
638 1339 713 1385 eum
726 1319 865 1405 quadam
875 1319 1092 1404 festinatione,
1104 1326 1142 1386 ut

203 1432 298 1497 etiam
320 1433 521 1518 pedestribus
544 1433 727 1500 fabularum
751 1435 1007 1500 enarrationibus
1028 1456 1143 1520 parum

204 1549 356 1611 uteretur.
388 1545 459 1624 Qua
482 1567 579 1613 causa
601 1550 717 1631 evenit,
740 1552 776 1613 ut
799 1549 908 1614 minus
932 1568 1018 1632 sane,
1042 1569 1140 1634 quam

202 1660 315 1744 potuit,
330 1664 505 1745 praestaret
516 1660 670 1727 Phaedro.
682 1661 859 1745 Praeterea,
873 1662 960 1747 quod
972 1663 1143 1747 aliquanto

202 1773 295 1856 peius
325 1778 382 1853 est,
406 1776 544 1840 insecuti
568 1780 670 1841 aetate
694 1777 796 1841 critici
820 1782 856 1841 ut
879 1777 914 1841 in
936 1774 1085 1842 Terentio
1111 1782 1143 1842 et

204 1885 339 1952 Horatio
373 1889 419 1954 ita
441 1890 477 1954 in
499 1889 644 1956 Phaedro
668 1895 725 1955 aut
747 1891 924 1956 noluerunt
946 1895 1003 1956 aut
1027 1892 1149 1957 nescie-

205 2006 284 2068 runt
306 2003 356 2068 uti
373 2001 512 2069 Bentleii
534 2005 676 2069 inventis
701 2022 726 2069 e.
744 2025 775 2089 q.
791 2024 816 2069 s.

156 2111 283 2192 Quibus
306 2116 414 2182 verbis
438 2118 466 2182 si
488 2116 586 2183 fidem
609 2117 735 2200 habeas,
760 2120 838 2184 satis
862 2137 933 2184 esse
960 2118 1074 2184 credas
1102 2118 1144 2183 ad

110 2226 298 2294 Phaedrum
320 2231 557 2296 emendandum
580 2233 721 2316 primum
743 2250 854 2298 omnes
879 2230 1019 2297 Bentleii
1038 2251 1147 2297 emen·

113 2341 261 2408 dationes
279 2344 314 2407 in
337 2349 464 2410 textum
482 2346 633 2430 recipere,
654 2345 769 2411 deinde
790 2347 844 2409 ria
863 2345 903 2410 ab
916 2364 952 2410 eo
966 2349 1148 2411 monstrata

114 2473 255 2540 pergere.
279 2456 318 2521 Id
337 2462 445 2523 autem
467 2459 496 2523 si
517 2458 658 2524 facerent
683 2460 745 2522 viri
768 2458 854 2523 docti
874 2477 951 2523 mox
970 2459 1145 2524 editionem

114 2568 307 2635 haberemus
342 2571 454 2656 multo,
484 2591 535 2637 me
565 2572 680 2655 iudice,
705 2573 850 2636 omnium
873 2573 1045 2656 pessimam
1077 2577 1153 2638 eta

116 2681 257 2750 Phaedri
290 2685 421 2770 ingenio
452 2690 484 2751 et
516 2690 584 2751 arte
607 2706 706 2771 quam
728 2685 915 2771 longissime
938 2686 1150 2752 recedentem.

115 2795 151 2863 Si
184 2799 271 2864 enim
304 2798 375 2865 fieri
408 2804 517 2885 posset
547 2804 585 2864 ut
618 2800 745 2884 aliquis,
776 2800 829 2864 eui
861 2798 1001 2864 Bentleii
1024 2817 1144 2864 nomen

118 2930 251 2998 prorsus
284 2913 434 2998 ignotum
469 2916 563 2996 esset,
596 2911 704 2978 subito
739 2914 775 2976 in
808 2912 879 2978 eius
902 2912 943 2977 ad
966 2911 1151 2977 Phaedrum

119 3027 342 3092 annotationes
365 3026 528 3111 incideret,
548 3027 669 3091 summi
688 3026 752 3090 riri
764 3025 827 3090 sibi
838 3024 1151 3110 informaretimagi-

119 3157 195 3205 nem
217 3141 345 3206 veritati
367 3140 461 3225 plane
484 3141 671 3226 oppositam.
694 3139 828 3205 Putaret
850 3140 938 3205 enim
961 3138 1151 3205 eumfuisse

119 3253 337 3340 magistellum
359 3254 499 3339 aliquem
519 3253 630 3339 pusilli
649 3254 758 3337 animi,
783 3255 841 3338 qui
860 3257 966 3318 totum
985 3252 1052 3318 fere
1064 3251 1149 3318 diem

121 3367 157 3431 in
199 3367 396 3452 corrigendis
440 3386 614 3452 puerorum
660 3365 947 3432 exercitationibus
977 3369 1154 3451 occupatus

122 3500 226 3565 quum
244 3479 367 3565 fuisset
391 3481 479 3565 quod
500 3481 654 3566 temporis
676 3480 839 3565 reliquum
866 3484 953 3545 esset
973 3481 1154 3546 insumeret

123 3597 269 3680 antiquis
290 3595 501 3681 scriptoribus
520 3597 562 3661 ad
574 3597 741 3662 decantata
755 3594 914 3680 quaedam
925 3594 1154 3679 grammaticae

121 3712 291 3795 praecepta
325 3709 510 3796 purgandis.
543 3709 628 3775 Sunt
650 3710 782 3795 quidem
803 3709 839 3773 in
863 3709 934 3774 eius
957 3707 1152 3774 emendatio-

1037 3841 1056 3894 6
