2676 4290
652 306 693 370 90

157 493 272 575 potest,
306 490 364 555 sed
397 508 524 574 semper
558 493 591 554 et
624 488 746 574 ubique
779 492 890 574 parata
912 492 961 554 est
981 488 1193 572 reprehensio

158 608 256 687 atque
280 603 450 668 calumnia.
474 601 599 667 Deinde
622 622 724 687 quum
747 622 812 666 non
834 601 928 666 facile
951 603 993 667 sit
1015 621 1075 686 pro
1086 603 1193 687 ipsius

157 720 270 801 poetae
293 716 400 781 uerbis
424 716 548 800 aliquid
571 719 711 800 reperire
735 716 822 801 quod
845 716 961 781 melius
985 717 1037 800 sit,
1060 735 1192 781 accura-

157 831 232 912 tius
263 830 450 914 elegantius,
472 831 653 915 periculum
677 835 725 896 est
749 849 790 894 ne
813 830 915 894 editor
935 830 1031 914 paulo
1057 830 1193 894 calidior

158 945 382 1029 incautiorque
405 946 520 1009 insano
544 944 683 1029 quodam
707 946 829 1029 ingenii
850 943 1033 1009 ostentandi
1046 946 1194 1028 capiatur

158 1057 277 1140 studio,
295 1063 327 1122 et
338 1078 397 1143 pro
409 1058 585 1142 ingeniosis
598 1057 876 1123 emendationibus
887 1058 998 1121 lectori
1010 1063 1194 1123 commenta

158 1175 316 1256 proponat
346 1191 439 1255 vana,
470 1173 621 1256 captiosa,
652 1171 791 1236 inutilia.
825 1170 964 1236 Gravius
988 1173 1085 1236 etiam
1110 1171 1193 1234 illud

157 1290 206 1354 est
237 1287 325 1372 quod
354 1288 412 1371 qui
435 1305 473 1352 eo
496 1286 630 1350 consilio
654 1291 781 1370 politam
802 1286 882 1370 legit
903 1291 941 1351 ut
964 1305 1062 1371 quam
1086 1285 1193 1350 maxi·

158 1422 244 1466 mam
275 1401 416 1486 proferre
442 1402 544 1485 possit
566 1399 826 1465 emendationum
852 1401 975 1484 copiam
1000 1399 1128 1464 nullam
1152 1419 1194 1465 ex

156 1520 269 1601 politae
301 1518 369 1580 arte
400 1533 513 1599 capere
543 1518 648 1598 potest
677 1514 892 1598 voluptatem
920 1515 978 1598 qui
1002 1532 1078 1578 vero
1102 1513 1193 1578 illius

155 1631 290 1694 rationis
315 1665 357 1675 -
381 1648 423 1692 an
442 1630 587 1693 insaniae
606 1628 710 1692 dicam
737 1664 774 1674 —
793 1626 845 1692 vel
865 1628 1031 1690 minimam
1051 1629 1194 1712 inpolita

157 1741 415 1807 adolescentibus
449 1741 639 1827 explicando
673 1745 797 1826 partem
829 1740 967 1824 adhibet,
998 1741 1054 1806 illc
1077 1759 1192 1806 veren-

159 1857 236 1921 dum
258 1861 307 1921 est
325 1876 367 1921 ne
387 1861 491 1921 totum
511 1856 677 1921 literarum
697 1855 842 1920 studium
861 1855 1053 1939 gravissimo
1075 1854 1194 1921 afficiat

161 1970 371 2053 detriment03
392 1971 469 2034 huic
488 1972 575 2035 enim
592 1970 672 2053 quid
682 1970 895 2054 perniciosius
908 1987 1005 2053 quam
1018 1987 1195 2052 generosae

122 2159 125 2165 ,
159 2087 355 2150 iuventutis
371 2085 482 2149 odium
508 2089 541 2150 et
563 2084 793 2169 contemptus?
815 2083 858 2148 at
881 2085 955 2168 quis
978 2102 1044 2146 non
1068 2083 1192 2148 adoles·

156 2218 232 2264 cans
255 2200 350 2264 istam
371 2197 575 2263 abominatur
595 2198 773 2262 doctrinam
795 2199 849 2262 cui
867 2194 1059 2276 ἀπειροκαλία
1078 2198 1191 2262 iuncta

158 2313 223 2379 sit?
254 2313 386 2378 Pactam
417 2332 533 2397 amare,
565 2313 706 2397 diligere,
737 2312 888 2376 admirari
919 2311 1044 2375 discant
1066 2311 1190 2377 adoles·

160 2431 269 2493 centes
292 2429 401 2513 potius
425 2447 522 2512 quam
547 2446 622 2492 cum
645 2427 827 2512 pulvisculo
851 2430 1011 2490 excutere.
1035 2423 1099 2491 Sed
1118 2425 1191 2490 nul·

157 2542 225 2607 lum
262 2546 482 2607 commentum
516 2546 583 2606 tam
617 2542 736 2606 falsum
768 2545 816 2606 est
839 2545 970 2625 tamquo
991 2539 1087 2604 futile
1111 2541 1189 2625 quin

155 2657 335 2721 lexicorum
355 2675 415 2741 ope
436 2656 566 2721 defendi
584 2657 693 2741 possit.
714 2655 815 2740 Saepe
827 2657 861 2719 in
874 2655 1061 2718 memoriam
1073 2655 1187 2718 iucun-

156 2770 283 2836 dissimi
311 2771 465 2854 temporis
496 2770 602 2853 redeo,
635 2789 699 2853 quo
732 2773 763 2834 et
792 2770 863 2852 ipse
895 2773 926 2833 et
950 2768 1046 2831 amici
1070 2765 1187 2832 Oobeto

103 2881 105 2886 ’
156 2888 359 2968 praeceptore
394 2882 582 2964 utebamur;
617 2884 647 2947 is
682 2884 768 2947 enim
800 2881 871 2966 lege
905 2880 1037 2945 iubente
1072 2882 1189 2964 cuique

155 3001 303 3062 nostrum
336 2997 489 3062 honorem
513 2997 746 3062 Academicum
770 2998 892 3080 petenti
915 2996 1023 3060 locum
1048 2995 1188 3079 aliquem

150 3110 350 3195 proponebat
380 3129 477 3194 quem
515 3111 602 3175 domi
625 3113 704 3175 vitio
728 3129 867 3196 purgare
890 3112 1068 3173 conaretur.
1090 3107 1189 3172 Moris

158 3228 267 3289 autem
290 3229 359 3289 tum
384 3228 453 3290 orat
476 3226 597 3289 amicos
621 3243 733 3288 omnes
758 3223 798 3288 de
822 3242 859 3287 eo
885 3241 994 3288 secum
1021 3220 1196 3287 deliberare

155 3343 193 3403 ut
230 3337 390 3404 laboranti
421 3357 514 3423 opem
546 3338 629 3404 ferre
657 3341 796 3422 possent.
820 3336 966 3401 Primum
992 3354 1068 3420 ergo
1091 3334 1200 3400 Novas

160 3451 345 3535 Variaeque
379 3451 548 3517 Lectiones
585 3449 858 3536 inspiciebamus:
894 3449 980 3513 haud
1011 3449 1096 3512 enim
1129 3467 1200 3512 raro

160 3564 324 3630 accidebat
348 3570 385 3630 ut
409 3584 558 3630 summus
582 3562 642 3648 vir,
663 3570 727 3628 tam
749 3583 883 3628 suorum
905 3582 1000 3646 quam
1022 3562 1198 3626 alienorum

155 3680 362 3743 inventorum
393 3678 573 3760 immemor,
611 3678 719 3742 locum
761 3677 919 3762 discipulo
954 3675 1190 3741 emendandum
