2676 4290
542 1675 569 1727 n·
586 1676 663 1726 merui
681 1676 812 1744 videorque
829 1692 918 1729 noma
934 1675 1040 1728 aaaron
1047 1678 1135 1742 ferro.

149 1869 212 1935 Sed
231 1868 475 1954 qualescunque
493 1867 632 1933 Phaedri
649 1867 777 1934 fabulae
797 1872 884 1952 sunt,
895 1870 1048 1934 vitiorum
1062 1869 1134 1953 qni-

96 1983 165 2048 bus
188 1982 336 2048 laborant
358 2002 461 2047 unum
485 1987 570 2047 certe
589 1986 638 2048 est
657 1982 744 2066 quod
764 2001 815 2048 me
834 1982 940 2047 iudice
952 1999 1059 2066 neque
1071 1982 1134 2066 ipsi

97 2097 248 2162 Phaedro
272 2096 407 2162 debetur
429 2101 461 2162 et
483 2097 574 2162 nullo
597 2096 706 2161 labore
728 2098 798 2162 tolli
821 2101 933 2183 potest.
966 2095 1132 2161 Contendo

96 2213 187 2277 enim
212 2214 380 2296 praecepta
401 2211 458 2274 illa
481 2210 623 2293 moralia,
643 2229 782 2295 quorum
794 2230 892 2276 causa
902 2213 992 2296 ipsae
1004 2209 1132 2274 fabulae

96 2329 179 2392 sunt
208 2329 364 2408 narratae,
395 2326 463 2390 sive
486 2343 524 2389 ea
546 2325 729 2410 promythia
751 2324 953 2410 appellantur
975 2325 1043 2389 sive
1066 2325 1132 2409 epi·

95 2438 233 2521 mythic,
256 2444 313 2502 aut
337 2440 445 2503 omnia
469 2443 525 2504 aut
546 2442 673 2503 tantum
696 2457 763 2502 non
785 2439 893 2502 omnia
911 2458 930 2502 a
948 2437 1132 2522 lectoribus,

98 2571 241 2636 quorum
269 2553 353 2617 alius
377 2552 439 2617 alio
462 2551 525 2616 fuit
547 2552 675 2617 stultior
698 2552 910 2637 ineptiorque,
933 2549 1008 2616 ficta
1027 2557 1059 2616 et
1080 2553 1130 2616 in-

96 2667 259 2732 vitissimo
283 2665 430 2732 Phaedro
455 2665 553 2730 affixa
575 2684 653 2731 esse.
678 2665 747 2730 Iam
770 2666 835 2730 illis
859 2665 995 2731 sublatis
1008 2671 1129 2751 quanto

94 2781 188 2864 ipsae
216 2778 345 2845 fabulae
375 2779 454 2844 fiant
485 2779 642 2862 meliores,
669 2783 790 2864 quanto
815 2780 969 2844 maiorem
991 2779 1130 2845 habeant

94 2892 165 2956 vim
188 2897 254 2958 tam
276 2892 455 2958 delectandi
473 2912 573 2977 quam
592 2891 745 2956 monendi
765 2893 839 2976 quis
852 2894 970 2977 estqui
982 2893 1128 2957 nesciat?

95 3003 184 3082 Quid
210 3008 297 3072 euim
320 3007 479 3072 insulsius
503 3011 551 3071 est
572 3005 775 3072 inficetiusve
800 3026 897 3091 quam
920 3008 966 3070 ita
989 3005 1129 3072 scribere

93 3124 133 3185 nt
172 3118 346 3185 lectoribus
391 3121 482 3184 nulla
516 3120 719 3204 relinquatur
755 3120 917 3205 cogitandi
952 3120 1126 3184 materies?
1189 3143 1191 3146 ⁴

94 3230 179 3309 Quis
209 3234 304 3299 homo
331 3234 428 3319 paulo
453 3235 620 3299 venustior
643 3254 788 3318 unquam
808 3236 852 3299 ita
875 3233 1021 3299 facetiam
1046 3233 1128 3300 dixit

93 3352 135 3412 ut
169 3347 268 3412 simul
302 3365 371 3412 eam
407 3347 584 3433 explicaret
614 3352 647 3412 et
673 3346 781 3413 verbis
804 3348 887 3412 tritis
912 3347 1130 3431 obsoletisque

94 3461 386 3545 interpretaretur?
418 3461 556 3546 Egregie
580 3461 641 3525 hoc
665 3463 767 3526 sensit
789 3461 840 3525 Fr.
863 3461 992 3544 Jacobs,
1016 3463 1131 3545 quiin

94 3573 205 3639 libello
218 3578 274 3638 ct.
288 3574 512 3639 Aesthetische
523 3573 773 3659 Bemerkungeu
787 3573 868 3638 tiber
879 3575 931 3639 die
942 3573 1062 3638 Fabeln
1072 3575 1127 3641 des

95 3686 265 3752 Phaedrus
283 3688 321 3751 de
333 3689 526 3771 promythiis
538 3689 788 3772 epimythiisque
800 3690 920 3753 nostris
935 3690 979 3752 ita
990 3689 1124 3755 iudicat:
