2676 4290
656 347 717 410 101

167 536 273 597 servat
306 552 371 596 non
403 535 546 617 potuisse
577 533 749 598 admodum
781 553 935 619 magnum
959 552 1028 598 esse
1053 535 1191 618 spatium

167 647 252 712 inter
285 648 399 731 lupum
436 666 630 733 agnumque,
665 649 818 733 quoniam
854 648 1075 734 colloquentes
1097 651 1192 715 indu·

168 766 290 827 cantur.
324 762 426 826 Nihili
448 763 508 827 hoc
532 762 658 827 videtur
681 763 818 827 crimen:
843 765 948 848 possis
972 767 1058 828 enim
1081 765 1193 830 eodem

166 878 238 942 iure
267 875 363 941 verba
385 875 438 940 siti
460 876 610 962 compulsi
631 876 820 961 improbare,
841 878 927 962 quod
950 879 1008 963 qui
1030 879 1084 943 siti
1107 898 1192 943 com-

164 989 252 1074 pulsi
282 990 323 1054 ad
353 991 461 1054 rivum
489 992 620 1054 veniant
642 989 755 1055 bibant
778 991 896 1074 sitique
920 992 1045 1076 expleta
1068 991 1192 1077 abeant,

166 1123 233 1168 non
269 1088 440 1188 disputent
478 1103 616 1169 Gravius
650 1105 712 1168 hoo
736 1104 823 1189 quod
845 1105 925 1168 nihil
949 1107 1082 1171 attineat
1106 1107 1193 1191 quod

162 1218 261 1283 fuerit
283 1220 433 1302 spatium,
457 1218 535 1283 satis
558 1237 628 1283 esse
652 1219 680 1283 si
704 1220 843 1284 sciamus
869 1237 989 1304 agnum
1008 1219 1192 1286 inferiorem

162 1333 297 1416 stetisse,
337 1333 535 1416 superiorem
576 1332 699 1418 lupum.
744 1330 879 1399 Goniioit
913 1351 989 1418 ergo
1023 1332 1191 1399 Nauckius

163 1445 328 1531 aliquanto
361 1445 500 1529 inferior
522 1466 640 1530 operm
666 1447 722 1511 sed
744 1447 826 1511 nihil
849 1464 886 1512 ea
910 1447 1096 1512 coniectura
1118 1467 1191 1532 pro-

160 1560 306 1642 ficimus,
331 1579 407 1624 nam
431 1559 517 1624 haud
540 1559 639 1625 dubie
661 1558 839 1644 elegantius
862 1559 978 1626 fuisset
997 1560 1191 1627 nudavoea·

161 1674 239 1740 bula
282 1675 427 1759 superior
461 1678 492 1740 et
528 1674 664 1758 inferior
697 1675 783 1740 inter
818 1693 852 1740 se
888 1693 1046 1760 opponere
1081 1676 1190 1762 (lupus

161 1790 309 1874 superior
331 1789 444 1872 stabat,
466 1809 571 1874 agnus
593 1788 752 1871 inferior),
778 1789 936 1873 quidquid
948 1788 1093 1854 alterutri
1105 1808 1190 1854 eom-

160 1905 304 1988 parativo
329 1903 419 1968 addis
442 1923 516 1987 pars
540 1902 714 1988 elegantiae
737 1904 826 1986 perit
851 1900 1055 1987 Quamquam
1078 1908 1189 1988 parata

158 2017 214 2081 hic
236 2017 371 2082 fortasse
394 2021 442 2081 est
465 2015 610 2081 Phaedro
635 2016 786 2101 defensio,
810 2016 903 2082 credo
927 2018 1013 2081 enim
1037 2035 1190 2082 eumnon

158 2131 201 2196 ad
235 2131 431 2216 explendum
466 2136 605 2196 metrum
639 2131 722 2194 illud
750 2129 837 2215 torpe
859 2131 1020 2196 addidisse
1043 2131 1099 2197 sed
1124 2152 1189 2217 quo

160 2247 267 2330 magis
290 2248 455 2331 appareret
478 2264 575 2329 quam
597 2245 756 2309 iniustum
779 2244 849 2329 lupi
872 2248 956 2310 esset
976 2245 1106 2310 crimen.

203 2359 230 2443 I,
254 2361 284 2443 2,
309 2359 448 2423 13-17.

294 2545 389 2610 Pater
412 2545 543 2610 deorum
567 2546 647 2628 risit,
667 2546 764 2628 atque
786 2544 851 2609 illis
875 2543 962 2610 dedit

292 2678 428 2742 parvum
452 2658 602 2742 tigillum,
625 2658 761 2723 missum
785 2657 873 2742 quod
896 2658 1003 2724 subito
1026 2659 1101 2724 radi

293 2775 383 2836 motu
405 2790 550 2856 sonoque
573 2773 689 2836 terruit
711 2771 865 2856 pavidum
888 2790 1002 2856 genus.

290 2885 362 2951 Hoc
385 2904 528 2951 mersum
551 2885 627 2950 limo
651 2905 726 2950 oum
749 2887 866 2952 iaceret
889 2885 1021 2970 diutius,

290 3000 372 3065 forte
395 3020 462 3066 una
483 3001 580 3065 tacite
602 2999 721 3085 profert
744 3020 762 3066 e
786 3004 901 3086 stagno
925 3005 1030 3086 caput.

199 3163 298 3230 Haud
330 3164 467 3230 diffiteor
491 3164 547 3229 diu
571 3183 623 3230 me
645 3165 733 3229 hunc
757 3164 864 3230 locum
888 3184 954 3230 non
976 3165 1184 3233 intellexisse.

152 3279 230 3345 Non
266 3280 352 3365 quod
386 3300 453 3344 non
487 3280 628 3344 viderem
662 3279 740 3364 quid
770 3280 823 3344 hio
853 3281 1185 3365 requireretu13eam

152 3395 242 3458 enim
283 3393 348 3458 fere
383 3393 607 3478 exspectabam
638 3394 861 3476 narrationem,
896 3413 961 3477 qua
994 3392 1118 3478 Iupiter
1150 3393 1184 3457 id

152 3507 269 3571 fecisse
301 3507 461 3572 diceretur
492 3507 579 3591 quod
612 3507 703 3591 pueri
726 3485 848 3571 faciunt
871 3508 928 3590 qui
950 3508 1038 3572 ranis
1061 3512 1184 3589 metum

151 3623 299 3686 incutere
322 3621 432 3705 velint,
453 3625 489 3687 ut
510 3621 635 3705 lignum
659 3620 693 3685 in
716 3620 850 3684 inediam
870 3621 1039 3686 coniiceret
1057 3642 1183 3707 uquam,

153 3735 250 3799 cuius
273 3735 303 3818 (i.
316 3754 341 3799 e.
367 3738 479 3820 aquae)
503 3740 592 3801 motu
617 3740 762 3820 sonoque
785 3737 913 3802 territae
935 3754 1032 3801 ranae
1047 3735 1182 3820 'profun-
