2676 4290
607 377 650 441 69

108 583 173 626 esse
201 561 444 643 inspiciendum
469 561 527 628 sed
550 565 690 649 ineptior
710 565 805 628 etiam
830 564 887 647 qui
910 562 1055 627 Phaedro
1080 562 1140 626 hcc

111 675 285 741 obtruserit
308 677 529 762 promythium

243 875 401 961 Exemplo
424 877 567 943 monitus
591 895 685 962 saepe
708 881 740 941 te
764 877 939 959 considera,

109 1063 192 1127 nihil
214 1065 301 1128 enim
324 1063 388 1146 ille,
411 1082 452 1128 ne
471 1063 552 1128 falso
574 1063 714 1147 quidem,
734 1064 892 1128 coniicere
909 1063 1024 1148 potuit.
1043 1062 1140 1127 Eius·

110 1178 183 1243 dem
205 1176 334 1242 fabulae
356 1197 404 1242 vs.
429 1178 479 1242 ll.

240 1364 301 1428 Vir
324 1369 420 1430 natus
446 1364 532 1449 quod
556 1383 624 1429 rem
647 1364 1005 1450 feminarum-tetigerit
1130 1449 1133 1455 Ι

108 1561 127 1604 a
151 1540 259 1606 codiee
282 1540 322 1606 V.
346 1539 452 1607 abest:
478 1542 697 1606 necessarium
717 1560 791 1607 eum
813 1561 883 1608 esse
901 1561 1033 1607 versum
1044 1562 1139 1609 nemo

108 1655 289 1720 contendat.

151 1768 211 1852 ΠΙ,
237 1768 288 1832 10.
314 1766 419 1844 Quam
442 1770 484 1834 sit
502 1770 720 1855 periculosum
732 1774 851 1836 temere
863 1789 973 1836 aurem
986 1771 1139 1856 praebere

106 1881 396 1947 calumniatoribus
435 1883 494 1947 hae
525 1882 617 1948 docet
647 1885 830 1948 narratione
860 1888 970 1969 poeta:
1002 1884 1138 1951 libertus

106 1997 239 2080 quidam
263 1997 304 2060 ad
327 2001 500 2082 patronum
523 1997 598 2061 ficta
621 1997 661 2062 de
680 1998 751 2062 eius
770 1997 837 2062 filio
857 1997 1137 2082 criminadetulit3

105 2110 221 2175 adiecit
253 2109 449 2174 calumniam
480 2110 519 2174 de
548 2110 693 2175 adultero
717 2111 757 2174 ad
781 2130 917 2176 uxorem
941 2113 1012 2177 eius
1035 2114 1138 2178 venti·

103 2228 202 2288 tante.
237 2222 394 2288 Simulato
429 2225 543 2288 itinere
574 2226 708 2289 maritus
738 2227 959 2310 inexspectato
990 2228 1025 2290 in
1048 2227 1138 2292 cubi-

104 2339 216 2403 culum
248 2338 361 2401 uxoris
394 2348 487 2403 nocte
519 2341 608 2403 venit
635 2343 672 2402 ut
696 2338 878 2403 adulterum
903 2340 1135 2424 deprehendat;

102 2454 138 2516 in
163 2451 275 2516 ecdem
300 2455 331 2515 et
353 2449 457 2515 filium
482 2451 600 2516 cubare
618 2453 758 2515 iusserat
782 2471 867 2516 uxor
891 2458 923 2517 et
946 2458 1033 2518 casta
1054 2455 1137 2520 etde

100 2566 161 2630 filii
195 2565 339 2629 moribus
375 2565 519 2629 sollicita.
552 2565 591 2628 In
623 2564 762 2629 tenebris
794 2570 927 2651 temptat
956 2575 1055 2652 caput
1076 2567 1136 2633 filii

55 2758 60 2765 Ι
101 2685 209 2764 peter3
242 2680 426 2743 adulterum
459 2699 493 2743 se
520 2683 630 2744 tenere
659 2683 749 2743 ratus
772 2678 876 2743 filium
899 2679 1054 2765 perfodit3
1080 2681 1136 2746 ubi

102 2812 243 2857 errorem
279 2793 411 2876 agnovit
444 2793 513 2875 ipse
547 2793 582 2855 in
616 2792 761 2876 gladium
796 2791 962 2856 incumbit.
997 2792 1049 2857 Fit
1081 2812 1136 2858 rea

101 2926 187 2972 uxor
194 2927 205 2986 ;
228 2926 292 2991 quo
312 2909 383 2971 iure
406 2906 493 2970 haud
515 2906 609 2970 facile
632 2907 728 2988 dicas,
752 2925 827 2969 nam
851 2907 929 2971 satis
951 2907 1061 2992 inepta
1086 2912 1135 2972 est
1188 2957 1192 2967 ,

100 3023 250 3086 narratio.
275 3020 464 3105 Sequuntur
487 3021 581 3085 haec:

147 3197 197 3260 39.
232 3196 264 3259 A
287 3193 371 3259 Divo
395 3195 544 3278 Augusto
569 3199 648 3257 tunc
671 3194 833 3278 petierunt
856 3193 980 3258 iudices

233 3314 271 3373 ut
295 3308 462 3372 adiuvaret
486 3309 568 3372 iuris
592 3306 721 3370 iurandi
746 3306 853 3390 fidem,

236 3422 323 3506 quod
345 3423 433 3505 ipsos
457 3441 545 3485 error
566 3421 781 3504 implicuisset
804 3421 956 3485 criminis.

235 3534 298 3612 Qui
321 3539 492 3620 postquam
516 3535 664 3600 tenebras
687 3534 830 3619 dispulit
844 3533 1024 3599 calumniae

159 3626 161 3637 ³
234 3655 424 3733 certumque
446 3649 567 3713 fontem
593 3650 737 3714 veritatis
760 3650 916 3732 repperit:

233 3763 311 3846 luat,
333 3764 449 3848 inquit,
473 3782 594 3849 poenas
617 3783 715 3828 causa
737 3761 872 3830 libertus
895 3761 980 3827 mali.
