2676 4290
705 292 748 356 64

213 496 306 541 suam
325 476 491 542 transtulit
509 476 654 569 Perott03
676 496 718 542 ex
730 476 906 562 exemplari
917 479 1105 544 recentioris
1116 480 1252 565 generis

213 592 282 655 nati
305 595 382 656 sunt
404 591 601 657 Pithoeanus
625 591 728 657 codex
750 595 848 676 atque
871 590 1040 658 Remensis
1054 591 1087 676 1).

258 703 321 769 Sed
343 705 419 770 nolo
442 705 525 769 hanc
547 724 662 790 urgere
685 707 884 771 sententiam.
911 705 946 771 Si
969 707 1042 791 quis
1066 706 1157 772 enim
1170 727 1250 773 oon·

212 817 322 883 tendat
351 817 482 884 fortuito
504 818 626 884 factum
650 824 781 885 esseut
804 838 822 885 e
846 821 977 904 triginta
1001 819 1131 886 duobus
1154 840 1250 906 prae·

213 933 314 1015 ceptis
342 932 516 997 Perottinis
539 933 686 1017 quinque
708 933 919 998 Phaedrianis
942 937 973 998 et
997 939 1191 1018 argumento
1217 939 1251 1000 et

212 1043 314 1108 forma
337 1046 402 1110 sint
425 1045 551 1124 similia,
574 1065 640 1110 non
663 1047 779 1111 acriter
802 1065 853 1111 me
876 1045 991 1112 habeat
1012 1046 1248 1113 adversantem.

214 1154 302 1233 Quin
332 1159 429 1223 etiam
451 1158 513 1223 hoc
535 1159 616 1224 addo
640 1159 798 1224 eiusmodi
821 1160 1064 1224 similitudinem
1089 1161 1172 1224 mihi
1196 1180 1250 1226 ar·

212 1273 359 1354 gumenti
390 1273 455 1336 vim
486 1271 604 1338 habere
625 1292 721 1357 posse
744 1274 878 1338 minime
900 1273 1009 1338 videri.
1032 1272 1132 1368 Nulla
1156 1275 1247 1339 enim

214 1389 264 1450 est
291 1385 344 1450 vel
366 1404 437 1451 esse
459 1390 563 1471 potest
586 1388 744 1452 sententia
766 1385 889 1469 Latina,
914 1387 994 1470 quin
1017 1405 1060 1451 ex
1083 1404 1121 1452 ea
1144 1387 1249 1454 lenis-

215 1499 295 1563 sima
313 1500 490 1565 mutatione
501 1502 648 1566 senarius
660 1500 883 1566 Phaedrianus
895 1499 979 1566 effici
989 1501 1092 1586 possit
1104 1501 1137 1583 2).
1152 1499 1250 1568 Dabo

214 1613 410 1697 exemplum.

347 1787 387 1851 In
410 1792 515 1873 partes
538 1790 643 1854 omnis
664 1793 730 1855 tres
753 1788 888 1855 divisast
911 1788 1022 1854 Gallia.

258 1947 375 2015 Nonne
415 1948 521 2015 bellus
554 1951 607 2015 hic
641 1951 812 2016 senarius?
846 1952 901 2016 An
934 1950 1015 2018 forte
1049 1952 1161 2017 minus
1198 1958 1252 2020 est

213 2061 400 2146 probandus
424 2084 521 2148 quam
544 2065 598 2129 hio
620 2063 760 2130 Phaedri

347 2225 393 2291 Hi
415 2246 490 2292 cum
513 2228 673 2312 cepissent
695 2246 827 2293 cervum
849 2228 934 2293 vasti
958 2227 1126 2312 corporis?

260 2388 345 2455 Ecce
368 2390 465 2456 alios:

305 2553 409 2619 Suum
431 2553 573 2619 tribuere
596 2555 723 2639 cuique,
745 2555 879 2620 honeste
901 2555 1019 2639 vivere,

305 2685 372 2731 non
393 2666 519 2733 laedere
542 2667 650 2752 aliurn,
672 2668 754 2733 iuris
778 2668 857 2733 haec
878 2671 1046 2752 praecepta
1069 2672 1157 2733 sunt.

262 2826 341 2905 Quis
361 2828 422 2893 hoc
441 2833 629 2914 argumento
642 2829 813 2895 contendat
824 2828 1050 2895 institutiones
1062 2828 1254 2916 Iustiniani,

217 2962 282 3029 quo
305 2942 432 3008 facilius
451 2945 605 3009 memoria
623 2948 817 3029 tenerentur,
828 2946 960 3010 metrice
972 2945 1107 3029 scriptas
1119 2943 1254 3011 fuisse?

217 3055 312 3134 Quod
334 3056 363 3122 si
385 3056 508 3142 aliquot
530 3056 637 3124 verbis
660 3056 783 3124 Latinis
804 3063 1011 3144 praeceptum
1032 3057 1156 3124 morale
1170 3078 1255 3125 oon-

251 3304 279 3371 1)
306 3305 412 3373 Egregie
436 3305 500 3358 huic
524 3306 687 3359 coniecturae
709 3307 778 3358 lavet
800 3307 890 3359 Rothii
907 3307 1044 3374 sententia,
1066 3306 1114 3373 qui
1132 3306 1215 3373 (Plril.
1233 3311 1257 3376 1,

217 3393 267 3445 552
289 3397 357 3464 sqq.)
376 3397 537 3449 demonstrat
554 3398 662 3449 eandem
680 3399 734 3450 fere
750 3413 806 3451 esse
822 3399 950 3466 originem
968 3399 1116 3451 tabularum
1136 3398 1255 3466 Perotti-

219 3501 315 3538 narum
329 3492 356 3539 et
369 3489 474 3540 chartae
487 3490 608 3555 Danielis,
623 3491 712 3542 ambas
725 3495 815 3542 autem
830 3506 883 3542 non
899 3491 1030 3542 exeodem
1044 3491 1257 3556 uuereporuisse

218 3579 290 3632 fonte
305 3596 321 3632 e
337 3596 390 3647 quo
407 3581 437 3633 P.
451 3587 477 3633 et
493 3582 526 3634 R.
543 3583 693 3648 prodierint.

250 3670 279 3739 2)
295 3673 327 3726 ol.
344 3673 395 3724 Cic.
412 3671 614 3740 Orator51893
633 3673 712 3726 Arist.
729 3674 803 3726 Post.
820 3674 845 3742 4,
862 3675 965 3727 Rhetor
983 3675 1030 3741 111,
1047 3673 1073 3726 8.
