2676 4290
627 322 667 385 11

124 527 198 591 nus,
219 525 357 592 quorum
377 507 441 572 duo
460 509 564 593 prima
584 507 698 590 „Liber
709 507 925 574 Pabularum”
937 528 1037 574 manu
1049 528 1158 575 recen-

123 624 204 687 tiore
226 622 334 686 addita
356 622 453 687 tradit
476 622 638 707 Bergerus
659 623 699 689 de
716 622 852 707 Xivrey,
871 624 925 687 cui
944 623 1059 688 ultimo
1073 642 1158 688 mor·

123 736 239 801 tatium
261 736 393 820 contigit
416 739 453 800 ut
475 735 623 812 κειμήλιον
642 736 724 801 illud
743 737 964 821 pervolveret3
987 736 1044 802 sed
1063 755 1158 802 roca·

124 848 203 914 bula
241 849 402 934 „Augusti
434 848 562 914 liberti'’
599 851 680 934 quin
709 849 749 915 ab
780 851 850 934 ipso
882 850 1002 915 codicis
1025 849 1156 915 librario

125 964 192 1028 sint
224 963 341 1047 scripta
371 962 461 1027 nulla
488 967 537 1027 est
559 962 733 1045 dubitati03
758 964 813 1028 illa
834 965 870 1027 in
893 963 1002 1029 codice
1024 981 1157 1048 quoque

124 1067 285 1141 Remensi,
319 1087 416 1152 quem
441 1069 591 1134 incendio
616 1070 757 1135 deletum
780 1071 941 1153 novimus,
963 1070 1065 1135 fuisse
1086 1088 1158 1155 per·

125 1202 224 1267 quam
246 1181 421 1267 probabilis
445 1187 494 1247 est
517 1185 662 1268 suspitio.
686 1183 832 1249 Profecto
853 1195 902 1250 est
918 1183 1158 1269 quodgaudea·

126 1317 200 1362 mus
229 1301 338 1362 tamen
364 1297 487 1382 aliquid
512 1300 590 1363 corti
614 1297 653 1362 de
676 1303 776 1364 semet
800 1300 870 1382 ipso
893 1296 988 1363 nobis
1010 1316 1159 1363 narrasse

124 1415 259 1496 podiam,
282 1412 377 1476 errius
400 1430 514 1476 versus
537 1410 577 1476 ab
599 1413 732 1477 ineunte
756 1412 831 1476 inde
854 1412 994 1497 pueritie
1017 1411 1158 1497 legimus

126 1527 159 1589 et
181 1525 335 1589 memoria
358 1528 514 1590 tenemus.
536 1523 608 1608 Sed,
631 1525 723 1608 eheu,
746 1524 827 1589 illud
853 1542 983 1609 quoque
1006 1525 1158 1590 solatium

125 1655 168 1702 ne
190 1636 284 1703 nobis
308 1639 463 1722 eripiatur
485 1640 609 1704 exstitit
630 1639 819 1723 periculum.
843 1638 1050 1705 Novissimus
1071 1641 1158 1705 enim

126 1752 265 1817 Phaedri
288 1752 390 1817 editor
412 1751 576 1817 Lucienus
599 1753 725 1837 Miiller,
749 1772 845 1837 quem
865 1754 979 1818 merito
992 1752 1158 1838 magnifa-
1213 1829 1217 1835 ,

127 1867 232 1930 cimus
255 1885 366 1931 omnes
388 1867 444 1950 qui
462 1867 565 1951 poetis
583 1865 706 1931 Latinis
718 1884 846 1951 operam
858 1866 982 1949 damus,
993 1865 1049 1930 illa
1060 1865 1159 1931 verba

126 1981 161 2043 in
184 1980 401 2063 suspicionem
424 1981 559 2044 vocarit.
582 1979 671 2044 Haeo
695 1981 782 2045 onim
801 1984 933 2044 annotat
951 1981 1159 2046 incommen-

126 2094 222 2158 tario:
248 2094 325 2175 „rix
344 2093 439 2158 credo
457 2096 564 2178 ipsum
584 2093 768 2159 Phaedrum
787 2095 1042 2180 ininscriptione
1054 2096 1159 2180 operis

128 2226 322 2273 memorasse
342 2207 557 2273 conditionem
579 2207 770 2293 tibertinam,
790 2209 884 2273 ouius
904 2210 952 2272 rei
963 2209 1159 2274 mentionem

127 2321 241 2387 obesse
271 2323 374 2407 magis
398 2342 495 2406 quam
518 2322 668 2406 prodesse
692 2323 840 2407 scriptori
863 2321 1009 2387 Romano
1032 2321 1160 2388 Horatii

127 2435 276 2519 exemplo
300 2435 407 2500 doceri
426 2440 560 2520 poterat,
578 2440 687 2520 itaque
706 2438 856 2500 existimo
875 2436 931 2500 ilia
950 2435 1020 2500 nt
1037 2436 1160 2501 adiecta

127 2569 147 2612 a
182 2545 396 2613 Grammatico
428 2548 537 2632 aliquo
567 2548 619 2612 vel
650 2547 791 2631 librario,
815 2549 872 2633 qui
894 2553 952 2614 aut
974 2568 1017 2614 ex
1034 2548 1159 2637 'fabulis

129 2681 212 2747 quae
234 2664 399 2748 perierunt
421 2667 477 2727 aut
500 2663 630 2728 aliunde
654 2665 725 2728 eius
743 2664 791 2727 rei
809 2665 963 2729 traxisset
980 2662 1158 2728 notitiam.‘’

130 2775 224 2855 Quod
244 2780 472 2862 argumentum
492 2797 594 2860 quum
611 2777 690 2841 mihi
702 2777 876 2841 admodum
888 2776 992 2842 debile
1003 2778 1159 2861 rideatru,

130 2911 227 2976 quam
252 2891 492 2956 accuratissime
510 2890 654 2956 refellere
673 2889 830 2972 conabor;
851 2893 898 2956 sio
918 2893 1004 2957 enim
1024 2912 1043 2956 a
1061 2892 1158 2957 lecto-

129 3004 220 3070 ribus
251 3005 393 3089 aliquam
428 3023 481 3070 me
514 3005 674 3070 initurum
695 3007 831 3089 gratiam
852 3024 954 3090 spero,
978 3007 1006 3071 si
1030 3024 1159 3090 oporam

129 3119 244 3185 dedero
280 3124 319 3185 ut
352 3120 487 3184 unicum
518 3119 609 3202 illud,
641 3120 728 3203 quod
751 3119 845 3184 nobis
870 3120 909 3185 de
931 3119 1070 3185 Phaedri
1092 3121 1160 3184 rita

130 3233 169 3298 ab
193 3234 309 3298 idoneo
329 3237 459 3299 auctore
478 3232 634 3298 traditum
655 3235 706 3317 sit,
729 3233 769 3299 ab
792 3235 928 3298 interitu
952 3238 1106 3299 servetur.

50 3410 55 3423 ,
174 3347 302 3426 Quanta
334 3348 464 3414 licentia
495 3351 600 3413 stante
631 3349 727 3414 etiam
756 3347 934 3434 Republica
964 3347 1101 3414 Romani
1123 3351 1159 3415 in

129 3464 232 3528 sorvis
263 3464 331 3528 suis
362 3461 627 3528 manumittendis
650 3463 703 3527 usi
726 3463 791 3527 sint
814 3467 965 3528 notares
989 3467 1054 3545 ost;
1078 3463 1160 3529 sole-

130 3576 208 3642 bant
244 3579 329 3643 onim
365 3577 488 3642 domini
518 3596 600 3661 quos
631 3596 741 3642 servos
771 3576 960 3642 habuissent
986 3578 1159 3644 libidinum

132 3693 294 3758 ministros
328 3691 474 3757 libertate
507 3691 643 3774 donare;
679 3689 824 3757 solebant
857 3692 953 3755 etiam
983 3692 1098 3759 divites
1128 3698 1160 3759 et
