2676 4290
657 347 697 410 91

161 535 353 616 proponeret
376 549 473 615 quem
493 532 563 616 ipse
583 535 657 595 ante
675 529 796 596 multos
808 528 1190 615 annosfelioissimeper·

161 650 315 710 sanasset.
339 643 374 710 Si
397 645 478 709 nihil
501 646 536 708 in
559 643 766 710 Lectionibus
789 645 859 729 opis
883 649 950 709 erat
972 645 1101 729 proprio
1122 649 1190 709 erat

160 760 291 844 ingenio
315 758 490 824 utendum:
509 758 782 823 conveniebamus
794 777 870 842 ergo
882 756 1189 842 quaerebamusque.

159 870 404 957 Nonnunquam
440 893 528 938 unus
558 892 576 937 1
604 871 699 937 nobis
722 872 832 936 statim
854 889 923 935 rom
947 890 1008 936 acu
1030 871 1191 956 tangebat,

160 985 217 1050 sed
251 985 354 1050 multo
389 987 518 1071 saepius
551 985 715 1050 accidebat
745 990 782 1050 ut
814 1004 926 1050 omnes
953 985 1074 1050 frustra
1095 991 1192 1070 eaput

159 1099 385 1183 scalperemus·
408 1099 447 1163 In
472 1119 600 1164 summa
622 1118 697 1184 ergo
720 1118 829 1164 rerum
853 1099 1074 1183 desperatione
1095 1118 1191 1182 quam

157 1214 399 1278 accuratissime
422 1213 531 1277 locum
552 1215 754 1298 propositum
777 1212 1030 1298 perlegebamus,
1049 1215 1069 1276 1.
1083 1231 1109 1278 1.
1128 1212 1190 1278 sub

157 1345 358 1412 unoquoque
402 1327 501 1392 verbo
539 1328 662 1412 aliquid
698 1328 769 1391 vitii
801 1328 902 1392 latere
936 1327 1190 1412 suspicabamur.

158 1439 267 1518 Quum
292 1442 331 1506 de
355 1442 555 1527 corruptelae
575 1442 651 1507 sede
669 1443 754 1506 inter
772 1460 831 1506 nos
844 1440 1018 1526 constabat,
1031 1460 1069 1506 ea
1080 1441 1190 1507 uteba·

93 1562 97 1569 '
156 1575 232 1620 mur
265 1557 389 1621 ratione
424 1576 488 1639 qua
518 1556 590 1621 fieri
620 1574 686 1619 non
717 1560 823 1641 potest
845 1557 926 1640 quin
944 1555 1070 1620 'multae
1093 1556 1192 1620 simul

157 1673 335 1734 nascantur
358 1671 571 1753 coniecturae,
595 1688 733 1752 quarum
756 1669 820 1733 aha
844 1669 924 1733 solet
946 1687 1017 1733 esse
1041 1668 1191 1753 absurda,

157 1782 221 1847 alia
243 1781 341 1867 paulo
365 1782 551 1847 absurdior:
573 1781 769 1846 vocabulum
790 1783 876 1847 enim
890 1786 1076 1867 suspectum
1089 1782 1190 1848 literis

157 1895 418 1961 describebamus
442 1896 636 1980 uncialibus,
657 1897 702 1960 ita
725 1901 830 1962 cetera
854 1898 962 1960 omnia
985 1895 1143 1960 vocabula
1161 1897 1192 1960 ei

155 2009 276 2076 fiebant
300 2011 426 2076 similia.
451 2010 560 2087 Quum
583 2013 753 2075 inventum
773 2014 843 2075 erat
863 2010 951 2095 quod
963 2013 1041 2075 satis
1052 2010 1192 2095 placeret

155 2123 316 2208 omnibus,
351 2125 391 2189 de
426 2124 529 2188 solida
562 2128 657 2188 nocte
687 2123 776 2188 haud
805 2143 939 2208 parvam
961 2128 1084 2208 partem
1112 2125 1189 2188 vino

153 2239 339 2324 gaudioque
383 2238 546 2304 dabamus.
590 2238 751 2303 Postridie
787 2240 845 2323 qui
879 2239 1005 2323 primus
1039 2238 1190 2303 vinulum

155 2352 378 2418 edormitasset
410 2353 450 2417 ad
473 2351 704 2417 Bibliothecam
728 2351 876 2416 currebat
899 2356 933 2416 et
953 2351 993 2416 ah
1017 2351 1073 2415 illo
1097 2350 1189 2436 libro,

155 2486 253 2552 quem
286 2471 398 2552 postea
432 2472 489 2530 aut
520 2485 689 2549 nunquam
718 2469 775 2530 aut
798 2466 961 2530 rarissime
983 2466 1189 2550 inspecturus

154 2586 231 2664 erat,
264 2581 425 2645 auxilium
459 2579 594 2665 petebat,
629 2578 782 2663 Stephani
815 2579 1002 2644 thesaurum
1035 2579 1116 2664 dico,
1146 2599 1189 2645 ex

155 2713 259 2779 eoque
282 2693 473 2779 excerpebat
496 2693 657 2778 quidquid
680 2695 715 2757 in
737 2711 806 2756 rem
829 2697 1032 2778 praesentem
1052 2693 1187 2776 faceret;

154 2809 338 2894 praedaque
361 2809 401 2873 ad
424 2809 564 2872 amicum
586 2809 650 2872 iam
675 2809 825 2872 instantis
843 2808 980 2892 periculi
999 2809 1189 2873 1111111111-

154 2925 256 2988 eitum
290 2923 385 2987 allata
420 2923 460 2986 de
495 2923 676 3006 vespertino
711 2921 766 2986 illo
797 2922 850 2987 vel
873 2927 1030 2987 nocturno
1054 2924 1187 2988 invento

153 3035 262 3101 brevis
287 3035 551 3100 conscribebatur
570 3037 805 3100 commentatio.
825 3035 920 3099 illam
941 3035 1055 3100 deinde
1068 3034 1186 3101 Cobeto

153 3149 307 3215 recitabat
330 3150 531 3232 candidatus,
553 3152 588 3213 in
613 3170 678 3233 qua
701 3149 859 3215 Herodoti
882 3153 961 3234 puta
985 3150 1037 3214 vel
1060 3149 1187 3232 Thucy-

154 3264 237 3329 didis
260 3264 352 3328 locus
376 3265 421 3328 ita
444 3264 672 3329 emendaretur
696 3263 818 3329 scilicet
837 3268 875 3328 11
886 3268 984 3328 testes
997 3263 1187 3328 afferrentur

152 3377 283 3443 Novum
322 3376 573 3459 Testamentum,
605 3374 828 3461 Lycophronis
859 3376 1055 3462 Alexandra,
1078 3377 1187 3443 Euna-

153 3491 237 3574 pius.
268 3488 358 3553 Nihil
390 3494 459 3553 tum
488 3490 665 3554 iucundius
689 3495 757 3553 erat
781 3510 878 3573 quam
899 3488 1054 3554 Cobetum
1075 3491 1187 3557 audire

153 3604 312 3668 ridentem
347 3604 580 3687 iocantemque.
609 3602 765 3687 Magnum
797 3607 904 3668 autem
934 3602 1118 3668 Bentlelum
1149 3607 1183 3668 in

154 3718 299 3784 Phaedro
323 3718 523 3783 emendando
547 3737 642 3803 saepe
665 3718 776 3784 eadem
799 3738 898 3783 usum
917 3737 987 3784 esse
1005 3721 1131 3786 ratione
1142 3721 1183 3785 ad
