2676 4290
704 325 768 390 114

263 509 305 590 II,
328 509 410 596 Epit
434 511 464 574 3.

351 661 466 727 Patere
488 660 620 726 honoris
644 661 764 728 seirent
785 665 823 727 ut
846 663 955 727 ounoti
976 664 1072 727 viam.

263 798 465 885 Quocunque
498 804 530 866 te
559 801 694 866 verteris
717 820 885 885 nunquam
908 800 995 866 huno
1018 819 1154 866 versum
1181 821 1254 886 per«

219 915 364 997 sanabis3
389 914 417 980 si
440 915 526 979 enim
545 915 649 979 macti
666 914 756 1000 legia,
769 914 966 981 desideratur
977 913 1107 999 sitiam
1119 916 1253 1001 aunam,

219 1028 355 1096 verbum
376 1029 492 1094 scireut
515 1049 574 1096 suo
598 1029 721 1095 obiecto
745 1034 838 1096 earet.

265 1143 285 1206 5
309 1163 356 1228 sq.

352 1268 510 1347 Quoniam
535 1274 704 1357 occuparat
726 1270 806 1337 alter
829 1290 870 1336 ne
892 1271 1016 1356 primus
1039 1270 1135 1337 foret.

262 1407 312 1473 ita
345 1409 488 1490 oodiees3
522 1409 689 1475 Bentleius
719 1414 755 1473 ot
777 1410 905 1494 primus
937 1409 1039 1493 foret3
1072 1414 1254 1476 antaeum

217 1521 315 1607 vulgo
349 1521 514 1608 legebatur
546 1541 586 1587 oe
612 1522 740 1607 primus
773 1523 883 1607 forem,
919 1523 1005 1608 quod
1045 1521 1254 1609 probabilius

216 1635 354 1720 videtur,
374 1637 525 1721 quoniam
537 1636 672 1702 verbum
687 1656 842 1723 occupare
854 1637 920 1701 vim
933 1634 1027 1702 habet
1038 1635 1252 1721 prohibendi.

262 1748 321 1814 IIL
343 1749 428 1815 Prol.
453 1750 506 1814 60.

290 1961 292 1964 .
351 1899 436 1985 Ergo
458 1899 535 1963 hino
556 1899 666 1965 abesto
689 1899 780 1984 livor,
802 1919 844 1965 ne
865 1898 985 1964 frustra
1001 1917 1123 1984 gemas,

352 2015 505 2098 quoniam
527 2012 690 2079 sollemnis
713 2014 794 2077 mihi
816 2012 950 2078 debetur
968 2012 1081 2098 gloria.

262 2150 367 2217 Sensu
400 2171 527 2217 oassum
557 2151 684 2217 videtur
714 2150 880 2235 sollemnis,
914 2170 971 2236 pro
1002 2170 1040 2216 eo
1073 2149 1258 2221 Bentleius

218 2266 347 2330 ooniioit
364 2266 532 2348 paenam
557 2283 687 2330 versum
711 2266 757 2331 sio
779 2265 928 2331 emendat
948 2263 1072 2330 Harius

309 2415 416 2494 Quum
438 2419 504 2482 iam
526 2417 606 2482 mihi
628 2417 742 2483 similis
765 2416 830 2481 illis
854 2416 989 2482 debetur
1012 2415 1127 2502 gloria,

218 2560 320 2622 metro
342 2556 463 2623 elumbi
486 2557 543 2623 sed
565 2557 733 2643 aptissima
755 2557 924 2622 sententia

263 2669 339 2737 VH.
359 2671 486 2737 Versus
509 2672 652 2736 21-24.

352 2823 496 2890 Affertur
517 2825 602 2889 ultro
623 2823 736 2910 panis;
758 2823 798 2889 de
819 2841 931 2889 mansa
954 2842 1014 2888 sua

354 2937 407 3002 dat
430 2956 504 3002 ossa
527 2938 694 3019 dominus3
717 2935 820 3003 frusta
842 2937 962 3001 iactant
984 2934 1104 3000 familia

354 3056 385 3117 et
408 3051 494 3135 quod
516 3051 638 3117 fastidit
661 3051 800 3136 quisque
822 3050 1083 3136 pulmentarium.

353 3165 407 3232 Sio
428 3166 498 3232 sina
519 3165 628 3233 labore
649 3171 762 3233 venter
783 3167 936 3251 impletur
959 3162 1070 3232 mensi

264 3308 338 3389 post
362 3305 405 3368 14

443 3458 475 3520 et
497 3456 637 3520 otiosum
659 3455 749 3541 largo
773 3455 883 3521 satiari
905 3453 999 3531 cibo

221 3594 369 3679 ponendo
398 3612 511 3659 vereor
539 3612 581 3659 ne
611 3594 696 3660 ultro
727 3593 863 3660 turbarit
891 3591 1034 3659 fabulam
1063 3590 1249 3662 Nauokius.

222 3705 286 3773 Sed
306 3707 364 3773 vix
386 3725 552 3793 oonooquo
576 3727 622 3774 vs.
647 3707 690 3772 20
