2676 4290
633 207 690 283 '28

177 374 180 379 Ι
290 407 325 473 Si
347 407 430 471 livor
454 405 630 472 obtrectare
652 425 763 471 curam
785 406 932 491 voluerit,

289 541 356 586 non
378 525 485 586 tamen
508 521 621 607 eripiet
641 521 746 586 laudis
769 523 1005 587 conscientiam.

200 681 369 748 lectorum
400 682 558 748 iudicium
588 703 655 748 non
685 685 815 765 metuit3
848 704 926 749 suae
957 683 1020 750 sibi
1052 686 1185 750 virtutis

156 799 305 862 conscius
327 802 391 863 est:
419 796 576 882 „quodsi”
600 800 645 881 ait
671 798 873 883 „aequalium
897 799 980 863 livor
999 816 1052 863 me
1069 798 1183 864 fructu

155 910 274 976 laborIs
297 913 361 977 moi
381 910 531 996 spoliabit

286 1073 383 1138 fatale
405 1075 520 1138 vitium
544 1073 639 1139 eorde
661 1074 775 1140 durato
796 1075 906 1158 feram,

288 1186 389 1253 donec
411 1187 574 1252 fortunam
597 1186 742 1253 oriminis
764 1188 882 1272 pudeat
905 1189 965 1253 sui

197 1415 302 1481 Tertio
323 1415 455 1499 impleto
478 1413 642 1480 volumine
666 1415 893 1499 praefationem
916 1416 1028 1482 scribit
1049 1416 1181 1500 plenam

154 1529 284 1614 propiae
315 1528 439 1608 laudis3
474 1530 615 1594 maxime
648 1528 711 1593 sibi
745 1531 911 1594 conscium
946 1548 1017 1594 esse
1051 1533 1180 1613 poetam

154 1661 274 1728 egregu
297 1644 397 1709 sentis
419 1646 452 1708 et
473 1661 643 1726 nunquam
665 1644 801 1726 perituri
821 1644 925 1728 operis
944 1663 964 1707 a
983 1662 1018 1708 se
1036 1642 1180 1727 perfecti.

158 1756 251 1841 „Me”
279 1759 323 1823 ait
348 1758 396 1841 „si
418 1758 524 1843 legere
546 1759 596 1822 vis
620 1776 639 1821 a
662 1758 798 1843 negotiis
821 1762 854 1823 te
876 1776 990 1823 vacare
1012 1761 1134 1842 oportet

287 1948 325 2010 ut
346 1943 428 2009 liber
449 1945 579 2010 animus
602 1945 719 2010 sentiet
740 1945 807 2009 vim
829 1945 997 2026 carminis3

154 2140 206 2188 me
236 2125 265 2188 si
287 2123 454 2208 spreveris,
476 2120 633 2205 Eutyche,
656 2125 689 2187 et
710 2120 819 2186 labore
843 2124 899 2186 tuo
923 2121 1105 2205 mentisque
1126 2120 1180 2183 in-

152 2238 297 2302 tentione
329 2235 499 2322 indignum
527 2235 689 2320 iudicaris,
716 2233 795 2319 quid
825 2240 857 2301 te
882 2232 961 2298 fiet?
984 2231 1056 2310 Quo
1080 2233 1178 2299 modo

153 2369 298 2435 unquam
327 2351 495 2435 ingenium
524 2355 618 2415 tuum
646 2350 793 2414 excolere
811 2347 955 2434 poteris?
978 2347 1013 2414 Si
1026 2366 1101 2434 ergo
1126 2351 1177 2414 ni·

153 2465 255 2530 mium
279 2483 313 2531 es
336 2467 520 2550 occupatus,
541 2465 706 2548 variisque
729 2463 892 2529 districtus
912 2463 1058 2549 negotiis,

286 2626 478 2693 mutandum
499 2626 560 2692 tibi
580 2627 812 2712 propositumst
834 2629 865 2691 et
887 2626 972 2690 ritae
994 2643 1108 2709 genus,

151 2803 172 2867 i.
184 2820 211 2868 e.
244 2801 417 2869 differenda
450 2805 528 2867 sunt
560 2802 698 2885 negotia,
731 2799 905 2865 omittenda
934 2801 1096 2885 paulisper
1127 2802 1177 2865 rei

151 2915 316 2981 familiaris
358 2935 444 2995 cura,
487 2914 625 3000 denique
660 2934 855 3000 quacunque
889 2915 1016 2981 tandem
1051 2918 1178 2982 ratione

151 3030 252 3094 otium
284 3029 520 3113 quaerendum
553 3030 654 3094 satius
686 3034 734 3095 est
761 3028 984 3112 quotidianum
1006 3029 1186 3114 negotium·

150 3143 314 3229 negligere
337 3163 434 3228 quam
457 3160 510 3208 me
532 3144 715 3229 scriptaque
737 3160 816 3208 mea
837 3141 1003 3208 Postremo

284 3324 336 3372 me
359 3307 388 3372 si
409 3306 497 3391 leges
519 3305 668 3383 laetabor,
691 3305 742 3370 sin
765 3308 873 3370 autem
896 3306 1006 3369 minus

151 3499 204 3545 me
233 3500 369 3566 meaque
399 3500 495 3565 opera
523 3483 639 3546 timore
660 3499 784 3546 vacuus
806 3482 1002 3566 posteritatis
1024 3484 1174 3567 permitto

149 3594 299 3660 iudicio.''
331 3593 424 3672 Quod
452 3600 559 3662 autem
591 3596 684 3661 dicit:
719 3614 797 3684 „ego
822 3599 879 3684 qui
902 3615 1000 3683 prope
1023 3597 1172 3663 nativum

33 3888 310 4148 Λ
