2676 4290
563 174 672 263 '24

142 387 282 472 „Aesopi
314 383 440 473 genus’'
473 385 629 471 exemplis
665 385 849 451 continetur
882 386 947 451 ie.
982 402 1024 450 ex
1055 403 1163 452 exem·

139 501 201 587 plis
230 498 385 584 oonstat’',
414 519 479 567 non
510 500 618 564 minus
648 503 697 565 est
723 497 898 565 absurdum
924 518 1038 583 quam:
1067 501 1165 582 „sori-

139 615 237 681 bendi
265 615 356 699 ratio,
389 634 453 699 qua
482 613 630 698 Aesopus
659 633 740 680 usus
763 617 820 698 est,
844 631 886 678 ex
908 613 1064 698 exemplis
1088 632 1166 678 oon-

140 721 233 794 stat”
255 725 309 791 Ex
331 727 487 812 exemplis
510 731 658 792 constant
679 726 799 813 Aesopi
819 724 954 812 fabulae,
974 746 1040 791 non
1059 746 1165 812 genus

139 841 313 926 literarum,
343 840 384 906 ad
415 840 502 926 quod
530 841 604 907 illae
633 840 817 906 referendae
845 844 930 925 sunt,
954 859 1059 925 neque
1081 842 1165 906 ratio

141 977 206 1043 qua
227 957 299 1021 illas
323 957 511 1040 composuit.

186 1066 350 1153 „Secum”⁴
373 1086 448 1153 ergo
478 1070 572 1154 poeta
594 1068 638 1133 ait
663 1069 830 1153 „exempla
852 1067 998 1132 homines
1021 1068 1163 1133 trahunt

140 1182 232 1248 Bona
252 1187 359 1248 autem
372 1181 517 1267 exempla
529 1200 706 1267 proponere
718 1170 901 1249 fabularum
914 1185 963 1248 est
974 1182 1163 1247 consilium:

272 1363 332 1411 nee
354 1363 411 1431 per
432 1344 568 1410 fabellas
590 1344 679 1410 aliud
702 1344 879 1430 quidquam
903 1347 1069 1430 quaeritur

272 1478 370 1544 quam
393 1460 571 1544 corrigatur
592 1476 681 1524 error
704 1462 741 1523 ut
763 1459 947 1526 mortalium

272 1577 431 1657 acuatque
453 1590 524 1638 sese
547 1571 683 1657 diligens
705 1571 896 1638 industria”

185 1747 339 1834 Sequitur
370 1766 494 1831 versus,
525 1748 583 1833 qui
614 1767 679 1832 quo
702 1748 796 1813 modo
821 1747 1040 1814 emendandus
1064 1750 1165 1814 sitin

142 1861 239 1928 dubio
270 1865 334 1943 est3
366 1861 446 1947 quid
470 1865 564 1946 poe'te
585 1861 723 1927 voluerit
744 1881 810 1927 non
834 1866 883 1927 est
905 1860 1049 1927 dubium.
1072 1861 1163 1948 legi-

139 1979 195 2042 tur
208 1972 300 2042 'enim

274 2125 462 2210 quicunque
483 2123 583 2190 fuerit
604 2143 679 2211 ergo
702 2125 853 2190 narrandi
874 2125 975 2191 ioous.

185 2285 249 2352 Hie
271 2303 401 2372 quoque
420 2287 478 2371 qui
499 2304 615 2352 sensus
637 2288 856 2373 requireretur
877 2291 962 2353 reete
973 2287 1055 2352 vidit
1065 2286 1166 2353 Bent-

141 2400 233 2466 leius.
257 2398 400 2465 Goniooit
421 2400 508 2465 enim

275 2563 463 2647 quicunque
483 2559 582 2627 fuerit
604 2579 679 2646 ergo
694 2561 881 2627 'namandus
902 2564 1003 2628 ioous.

186 2736 297 2803 Possis
319 2737 415 2834 etiam
437 2736 543 2822 legere
568 2740 736 2820 „narratus
758 2735 880 2822 ioeus'’,
903 2738 954 2804 vel
977 2739 1085 2824 (quam
1106 2757 1165 2825 ego

145 2852 361 2916 coniecturam
384 2849 631 2934 prudentiorum
654 2851 802 2935 permitto
825 2853 1010 2934 censuraelz

276 3015 464 3101 quieunque
484 3013 582 3080 fuerit
604 3033 681 3101 ergo
702 3018 848 3080 narrator
869 3015 934 3080 iooi
944 3014 977 3098 ¹).

177 3310 206 3379 1)
229 3311 402 3377 Aliquantum
418 3309 604 3376 probabilitatis
620 3309 716 3363 babere
732 3310 939 3363 emendationem
957 3325 1044 3363 meam
1062 3311 1169 3377 videbis,

144 3403 244 3469 lactor,
268 3402 291 3454 si
315 3401 457 3468 inspexeris
480 3401 573 3454 oodiois
598 3401 627 3451 Ρ.
650 3400 774 3468 effigiem,
795 3417 876 3468 quam
894 3403 1036 3454 faciendam
1053 3417 1168 3470 suaeque

145 3495 252 3548 editioni
276 3494 418 3545 addendam
442 3493 543 3545 curarit
567 3493 600 3544 de
624 3493 727 3561 Ximey.
751 3494 790 3545 lbi
813 3494 884 3545 enim
902 3495 1064 3561 (praesertim
1082 3511 1097 3547 e
1114 3511 1168 3548 voe.

146 3585 244 3650 auctor)
270 3599 404 3652 oognosoas
428 3599 509 3650 quam
535 3583 607 3638 facile
628 3584 663 3638 sit
684 3599 730 3652 pro
751 3585 850 3654 syllaba
872 3591 911 3638 tor
935 3587 1018 3654 legere
1041 3588 1167 3657 syllabam

81 3934 331 4136 Λ
