2676 4290
665 231 687 295 4

158 435 200 482 ex
222 418 326 504 ipsius
349 416 457 484 verbis
480 421 618 504 apparet,
642 437 791 504 quaeque
812 418 887 486 illae
906 419 1045 486 iniuriae
1064 419 1184 506 quibus

158 551 193 598 se
224 553 243 597 a
268 533 345 598 viris
368 530 531 598 nobilibus
555 530 807 618 crudelibusque
828 533 977 600 affectmn
1000 539 1066 600 tam
1089 555 1183 622 saepe

157 650 288 731 tamque
307 647 447 731 graviter
466 647 682 732 conqueritur,
701 647 753 712 vel
771 648 878 732 potins
897 648 985 713 unde
1003 648 1078 714 illae
1089 653 1183 714 natae

157 760 223 826 sint
257 780 371 845 parum
405 765 538 826 constat
582 738 674 825 'Novi
709 761 839 846 quidem
871 780 926 828 eos
958 762 1014 847 qui
1044 761 1182 827 Phaedri

156 874 255 938 vitam
286 876 484 959 scripserunt
514 874 561 940 sio
591 875 742 940 statuisse
767 873 885 940 fabulis
909 873 1102 960 quibusdam
1125 875 1183 940 ho-

157 989 260 1055 mines
293 993 516 1075 praepotentes
551 989 765 1074 perstringere
800 989 906 1055 risum
942 1008 1012 1056 esse
1047 994 1182 1075 poetam,

154 1101 293 1187 illosque
333 1103 414 1167 iram
451 1121 543 1168 suam
576 1101 895 1187 indignationemque
928 1104 1015 1169 iusto
1050 1104 1183 1188 gravim

155 1216 348 1300 exercuisse,
378 1234 485 1301 neque
515 1215 603 1280 illam
628 1234 687 1301 ego
710 1216 900 1281 sententiam
923 1215 1105 1302 improbare
1128 1216 1181 1282 vel

154 1329 343 1414 impugnare
366 1329 472 1394 velim.
501 1327 574 1394 Scio
598 1329 684 1394 enim
708 1333 788 1415 quot
811 1331 1007 1415 quantisque
1030 1329 1182 1415 periculis

154 1442 389 1528 calumniisque
437 1447 604 1528 poetarum
654 1443 722 1507 vita
765 1442 999 1529 imperantibus
1038 1442 1183 1528 Augusti

153 1554 393 1623 successoribus
438 1555 576 1621 obnoxia
617 1556 731 1638 fuerit3
779 1556 835 1622 sed
873 1575 962 1622 mera
997 1557 1181 1623 com'ectura

153 1673 210 1754 est,
253 1690 350 1755 quam
392 1671 449 1756 qui
491 1670 585 1736 certis
620 1671 819 1755 argumentis
854 1668 894 1734 ab
929 1672 999 1755 ipso
1033 1669 1180 1736 Phaedro

153 1784 291 1868 sumptis
332 1783 394 1850 sibi
433 1783 602 1851 defendere
643 1784 707 1849 visi
746 1788 831 1868 sunt,
874 1802 928 1850 eos
971 1803 1029 1869 ego
1063 1803 1179 1850 censeo

153 1917 286 1983 scopum
320 1898 417 1964 nimis
451 1903 611 1964 remotum
643 1898 806 1984 nimisque
838 1897 1012 1963 obscurum
1044 1898 1180 1983 petendo
1216 1957 1218 1962 .

154 2032 282 2100 operam
301 2013 486 2099 perdidisse.
507 2011 552 2078 Ut
571 2031 674 2078 unum
695 2012 824 2078 afferam
844 2013 1037 2098 exemplum,
1051 2011 1181 2078 Schwa-

152 2126 227 2193 bius
258 2131 383 2214 potitam
415 2127 572 2193 malorum
601 2119 737 2192 'suorum
769 2127 925 2212 originem
951 2127 1075 2212 liquido
1097 2127 1182 2192 indi·

152 2260 242 2307 casse
272 2242 374 2307 credit
404 2241 454 2307 his
478 2239 585 2307 verbis
608 2239 677 2324 (HI,
700 2239 851 2325 praefatio
874 2240 946 2322 40):
974 2241 1027 2323 „in
1050 2240 1179 2306 calarm·

152 2359 250 2420 tatem
284 2355 440 2440 quaedam
465 2355 608 2440 deligens
632 2373 735 2420 meam
745 2351 775 2436 ;''
799 2358 890 2441 putat
912 2356 999 2420 enim
1022 2353 1178 2420 vocabula

156 2471 209 2553 „in
241 2470 452 2535 calamitatem
483 2467 610 2535 meam”
642 2467 837 2554 significare:
865 2488 959 2552 „oum
983 2487 1054 2533 meo
1076 2469 1179 2554 ipsius

154 2581 268 2667 malo‚''
297 2584 318 2648 i.
331 2601 356 2648 e.
392 2585 456 2666 „ita
487 2587 523 2648 nt
550 2582 630 2647 mihi
659 2584 729 2668 ipse
753 2582 964 2648 calamitatem
988 2586 1020 2648 et
1042 2581 1179 2648 infortu-

152 2698 243 2763 nium
264 2695 441 2782 pararom.”
462 2695 524 2762 Sed
545 2698 619 2782 quis
638 2695 745 2761 credat
764 2699 829 2761 tam
847 2695 985 2762 absurde
996 2695 1178 2762 Phaedrum

152 2810 344 2897 scripsisse?
380 2810 584 2896 Aspiciamus
617 2814 721 2876 totum
756 2828 884 2875 versum
918 2829 992 2875 cum
1023 2810 1064 2876 iis
1095 2828 1178 2895 quae

151 2926 362 3012 praecedunt:

267 3105 326 3172 ego
350 3105 443 3172 porro
468 3085 557 3152 illius
580 3085 722 3172 (Aesopi)
744 3086 891 3152 semitam
913 3084 974 3151 ieci
996 3086 1081 3151 viam

263 3205 301 3288 etl
319 3201 458 3286 cogitavi
480 3199 573 3285 plura
596 3220 693 3285 quam
716 3200 890 3285 reliquerat

262 3317 297 3379 in
321 3315 534 3381 calamitatem
557 3315 714 3400 quaedam
738 3315 880 3401 deligens
903 3333 1016 3381 meam.

198 3487 269 3568 Quo
300 3491 395 3557 modo
427 3491 649 3579 accipiendum
676 3495 759 3558 esset
780 3491 862 3557 illud
888 3472 942 3574 „in
964 3491 1176 3557 calamitatem

153 3603 311 3689 quaedam
347 3604 490 3692 deligens
522 3603 648 3672 meam”
683 3606 712 3672 si
746 3602 844 3672 verba
880 3605 933 3690 „in
964 3605 1177 3673 calamitatem

165 4016 316 4144 1
384 3959 387 3966 ,
