2676 4290
655 327 676 390 8

154 515 235 581 levis
265 517 307 581 sit
328 517 386 580 vix
410 534 491 600 opus
513 519 562 580 est
582 514 697 598 disere,
720 514 860 599 primum
883 514 944 579 hoo
967 513 1071 580 obstat
1095 516 1182 599 quod

155 628 301 696 Suetonii
323 629 420 695 verba
443 632 592 714 corrupta
614 629 782 711 videntum
806 647 913 713 neque
936 629 1079 693 enimin
1102 629 1182 693 imo

151 745 224 829 qiua
254 744 427 809 admodum
450 743 579 828 elegans
602 747 651 809 est
673 743 761 808 istud
784 741 1006 808 Ptodttontom
1027 741 1096 806 orbi
1120 745 1182 806 tor·

152 877 275 942 rorum,
306 858 458 942 quoniam
487 876 580 921 uerus
607 855 774 921 Phaethon
802 855 870 920 orti
892 861 1052 920 terrorum
1074 857 1184 939 perni-

154 972 236 1037 oiem
270 970 385 1054 attulit,
419 974 451 1035 et
485 971 621 1036 duorum
654 968 871 1035 membrorum
901 989 957 1034 suo
986 969 1183 1055 omninoque

153 1086 313 1170 posterius
344 1084 465 1169 duplex
495 1083 590 1149 habet
620 1085 803 1169 oppositum
829 1081 960 1168 (Populo
985 1081 1128 1147 fflmuo
1151 1088 1182 1149 et

153 1198 220 1264 orbi
268 1200 448 1282 terrorum),
488 1199 579 1283 prius
620 1199 763 1283 opposito
806 1202 899 1266 oaret
935 1195 1041 1280 Quare
1074 1197 1182 1282 legen·

154 1315 232 1379 dum
267 1331 392 1396 censeo,
425 1312 558 1377 inclusis
589 1311 698 1377 verbis
728 1311 878 1397 serpentis
893 1328 894 1332 ’
907 1309 943 1375 id
969 1330 1076 1396 penus,
1099 1330 1183 1395 quae

152 1429 217 1492 iam
246 1427 433 1511 proscripsit
466 1423 639 1491 Graevius:
672 1428 703 1490 et
726 1444 761 1491 se
785 1424 847 1490 sibi
870 1425 1033 1509 natricem,
1057 1424 1181 1510 Populo

152 1525 297 1604 Romano
332 1539 565 1604 Phaethontem
601 1538 737 1604 eduoare
750 1534 781 1621 ¹).
819 1530 925 1616 Quae*
944 1539 973 1603 si
1003 1538 1182 1604 emendatio

152 1654 314 1741 probetur,
349 1654 449 1719 multo
484 1653 601 1718 melius
636 1653 676 1718 ad
708 1652 826 1718 Tiberii
858 1652 980 1717 dietum
1010 1651 1120 1717 fabula
1143 1653 1183 1719 de

153 1770 282 1835 homine
315 1787 455 1854 anguem
488 1767 617 1833 fovente
650 1765 717 1852 (IV,
748 1767 802 1848 20)
825 1765 937 1833 referri
957 1767 1060 1852 possit
1084 1787 1182 1852 quam

150 1882 260 1949 fabula
295 1883 334 1948 de
367 1880 468 1948 Ranis
501 1900 609 1967 regem
644 1880 839 1966 petentibus.
874 1878 938 1946 Sed
961 1882 1088 1947 reiecta
1110 1901 1181 1948 mea

153 1995 374 2063 emendatione
398 1996 472 2080 quis
494 1995 687 2061 contendere
709 1995 761 2061 vel
780 1996 875 2060 etiam
896 1995 1053 2080 suspicari
1064 1994 1181 2061 audeat

154 2132 174 2177 a
208 2109 370 2196 Caligulae
404 2111 516 2175 amieis
546 2114 732 2176 aoousatum
747 2131 750 2136 ’
763 2128 834 2175 esse
864 2109 1056 2193 Phaedrum,
1080 2129 1182 2194 quum

153 2226 223 2310 ipse
253 2224 379 2289 disertis
410 2222 517 2289 verbis
548 2221 699 2289 Seianum
723 2227 888 2308 tamquam
912 2224 1103 2289 acerrimum
1125 2242 1182 2288 no·

153 2340 254 2404 minet
276 2337 523 2404 adversarium?

334 2510 458 2589 Quodsi
479 2514 646 2577 aoousator
667 2511 751 2577 alius
772 2509 887 2577 Seiano
914 2510 1005 2596 foret,

331 2626 360 2691 si
382 2627 473 2691 testis
496 2626 589 2710 alius,
613 2624 713 2690 iudex
737 2625 821 2691 alius
845 2624 993 2709 denique,

332 2738 467 2824 dignum
488 2738 606 2804 faterer
629 2757 702 2805 esse
725 2756 777 2804 me
798 2739 896 2804 tantis
920 2737 1022 2804 malis.

199 2922 262 2990 Sed
298 2926 424 2991 omissis
456 2931 488 2992 et
517 2926 572 2991 illa
594 2924 754 2993 Schwabii
776 2931 809 2992 et
830 2927 942 2992 multis
965 2926 1037 2994 aliis
1059 2929 1183 2994 oonieo·

154 3039 236 3104 turis
270 3038 311 3104 ad
339 3040 550 3124 propositum,
575 3040 610 3104 id
632 3045 681 3106 est
703 3039 744 3106 ad
766 3044 869 3106 totum
893 3060 998 3127 genus
1021 3043 1183 3107 oonieotu·

154 3172 263 3219 rarum
288 3152 328 3218 de
350 3153 496 3220 Phaedro
518 3159 647 3239 propter
668 3154 794 3221 fabulas
816 3160 977 3242 accusato,
995 3156 1183 3242 redeamus;

187 3435 215 3503 1)
243 3436 358 3489 Tanain
381 3438 485 3506 vulgata
510 3439 619 3491 lectione
643 3453 725 3506 qnam
750 3440 779 3492 in
812 3439 921 3493 lectione
946 3454 962 3491 a
987 3454 1030 3492 me
1055 3441 1185 3508 proposita

154 3527 300 3596 Chiasmus,
327 3544 381 3596 qua
407 3529 491 3598 ligura
516 3530 656 3583 Suetonius
679 3547 772 3585 ornare
796 3533 860 3585 solet
883 3533 1028 3586 orationem
1047 3548 1124 3586 suam
1141 3534 1184 3601 (cl.

155 3621 224 3687 quod
240 3621 357 3687 proximo
375 3623 517 3688 praeeedit:
535 3638 583 3676 noo
599 3638 706 3676 serrum
722 3625 856 3678 moliorem
870 3625 1183 3691 ullum,ueodeteriorem

155 3712 291 3765 domiuum
307 3713 405 3783 luisse),
423 3715 572 3784 negligitur.
