2736 4298
662 330 704 393 56

165 518 328 602 reciperet,
344 517 448 601 ipsam
468 515 610 581 fabulam
630 536 697 581 nen
715 516 863 584 sufficere
879 518 1023 584 crederet
1042 518 1099 584 sed
1115 539 1201 605 opus

168 648 238 696 esse
261 636 466 716 praeceptum
489 630 618 714 morale,
641 632 696 697 cni
715 631 871 696 tradendo
889 630 999 697 fabula
1015 633 1201 719 inserviret,

168 745 293 829 addere,
326 745 406 811 illud
437 750 544 810 autem
578 744 664 829 qnod
692 746 756 809 iam
778 746 814 809 in
836 745 1023 811 collectione
1045 751 1200 831 paratum

168 865 261 943 esset,
284 858 461 925 describere
485 863 717 944 aspernaretur,
737 859 793 924 sed
813 878 871 944 pro
889 862 1196 945 praeceptcpoetico

170 974 278 1059 inepte
308 974 450 1058 ineptius
477 974 572 1039 etiarn
596 973 742 1059 pedestre
763 990 882 1058 ponere
905 973 1038 1038 mallet?
1060 975 1201 1041 Accedit

167 1088 237 1170 hoc,
280 1087 367 1172 quod
397 1087 529 1172 gratim
564 1087 660 1174 etiarn
693 1086 796 1151 rideri
829 1087 941 1170 possit,
976 1105 1041 1151 non
1073 1091 1201 1154 tantam

167 1202 251 1267 inter
273 1200 456 1266 Perottinas
476 1201 650 1265 sententias
669 1198 832 1285 pedestres
852 1203 884 1264 et
900 1203 1069 1285 praecepta
1088 1201 1126 1264 in
1145 1220 1202 1266 co-

168 1314 293 1382 dicibus
315 1315 453 1381 Phaedri
476 1319 603 1380 servata
621 1314 818 1379 intercedere
837 1313 1082 1379 similitudinem
1094 1335 1202 1399 qnan-

168 1434 234 1495 tam
264 1426 421 1494 Mulieris
454 1432 570 1494 censet.
601 1429 673 1514 Age
695 1430 760 1493 iam
783 1428 823 1493 de
845 1427 996 1493 omnibus
1019 1429 1201 1496 videamus.

213 1540 322 1608 Codex
344 1541 384 1607 V.
408 1562 482 1607 cum
510 1541 644 1607 Phaedri
667 1540 785 1624 codice,
808 1542 867 1625 qui
888 1560 976 1605 unus
998 1541 1063 1606 iam
1082 1546 1202 1628 exstat,

170 1656 251 1724 duce
291 1662 323 1724 et
364 1658 497 1743 triginta
538 1655 665 1721 fabulas
707 1673 894 1720 communes
936 1654 1038 1720 habet
1074 1654 1201 1722 uarum

167 1771 303 1859 quiaque
341 1775 427 1854 sunt,
464 1788 547 1855 quae
577 1768 775 1835 Perottinam
806 1768 999 1833 sententiam
1027 1769 1063 1832 in
1091 1767 1202 1836 fronte

169 1884 307 1952 habeant
328 1886 373 1951 ita
398 1889 433 1950 ut
456 1903 474 1950 e
496 1884 606 1949 fabula
629 1902 713 1968 quae
737 1885 773 1947 in
796 1881 934 1948 Phaedri
955 1882 1201 1968 codicelegitur

174 1998 220 2066 nil
243 2001 415 2066 omittatur.
438 1999 522 2065 Sunt
544 2000 621 2063 hae:

213 2112 247 2179 Ia
279 2112 313 2179 11
344 2113 415 2199 epil.
445 2113 625 2198 praeposita
651 2111 801 2176 esthaec
825 2111 1000 2175 sententia:
1024 2109 1204 2195 inpediret

169 2226 279 2293 virtuti
301 2246 407 2292 ceram
427 2225 563 2312 plectam
585 2223 690 2289 tribui.
711 2223 775 2289 Sed
794 2223 909 2288 deinde
928 2223 1046 2308 legitur
1058 2243 1105 2288 vs.
1117 2225 1138 2288 3
1150 2243 1202 2310 sq.

302 2414 416 2482 Patere
438 2415 570 2480 honeris
593 2413 713 2479 scirent
734 2415 772 2477 ut
794 2410 904 2475 cuncti
925 2410 1020 2474 viam.

215 2614 249 2683 Ia
262 2614 320 2682 111.
334 2618 364 2680 4.
377 2614 525 2691 Perdita·
546 2616 673 2700 asperht
684 2611 843 2676 heminam
852 2629 942 2695 saepe
952 2608 1104 2674 iudicium
1114 2609 1202 2693 falli.

171 2732 360 2817 Sequuntur
383 2730 446 2815 ipsi
467 2728 515 2793 illi
537 2734 659 2814 septem
679 2745 804 2808 versus,
824 2744 907 2809 quos
918 2722 1084 2788 Phaedrus
1094 2722 1202 2790 habet

216 2840 251 2910 h
277 2841 337 2927 ΙΙΙ,
371 2844 421 2907 11.
444 2840 593 2907 Perottc:
617 2840 704 2905 baad
728 2837 942 2904 innodandum
965 2856 1028 2901 eece
1049 2836 1204 2920 fertum

171 2958 289 3024 citium.
314 2956 452 3023 Phaedri
474 2955 585 3021 fabule
602 2955 731 3020 nullum
752 2957 956 3038 praeceptum
974 2950 1094 3016 morale
1103 2949 1203 3018 habet

172 3074 236 3141 nisi
269 3069 356 3158 qued
379 3071 441 3157 ipsi
460 3068 608 3153 Eutyche
635 3066 798 3134 tribuitur.

218 3186 252 3253 Ii
276 3184 335 3269 ΙΙΙ,
361 3186 410 3251 la
435 3182 582 3249 Pemttc:
605 3186 724 3267 oportet
745 3200 848 3246 mana
868 3185 1021 3244 antaee
1039 3198 1101 3243 esse
1118 3185 1203 3244 certa

173 3320 240 3367 nini
284 3298 373 3366 lieni
415 3308 523 3364 nmen
553 3304 585 3362 et
618 3296 832 3381 epimythium
866 3294 955 3359 haud
988 3294 1203 3359 invenustum

176 3432 315 3500 remque
337 3412 573 3478 Phaedrianuni
600 3410 711 3476 habet:

311 3600 375 3665 neti
399 3600 547 3666 affictam
569 3598 657 3685 qued
679 3596 739 3663 tibi
761 3616 828 3661 nen
851 3602 901 3661 cst
919 3595 1030 3660 damin

310 3712 424 3780 ‹ielusn
445 3732 486 3780 ne
507 3732 582 3800 spes
600 3710 642 3777 ed
661 3710 827 3797 querelam
847 3708 995 3776 reccidat
