2676 4290
656 336 765 400 83·

151 537 192 584 ea
222 520 272 584 uti
294 539 428 605 possum
452 521 493 586 ad
516 523 707 587 sententiam
732 521 895 606 quandam
919 541 1023 588 meam
1049 523 1089 588 de
1112 526 1186 589 uni-

152 651 247 697 versa
270 639 337 699 arte
360 635 469 698 critica
492 633 732 700 defendendam.
758 633 886 710 Quibus
910 637 996 700 enim
1011 635 1135 702 artibus
1148 642 1186 703 tu

151 752 257 832 putas,
286 746 409 831 Lector,
440 748 674 813 Baehrensium
698 749 738 813 ad
762 755 827 813 tam
847 751 1006 834 egregiam
1031 751 1186 816 emenda-

151 862 276 926 tionem
298 863 508 946 pervenisse?
532 863 694 928 Adcurate
713 868 745 928 et
764 863 876 947 solida,
888 869 924 929 ut
936 866 1059 948 opinor,
1076 863 1186 930 Latini

154 976 313 1042 sermonis
349 977 491 1061 scientia,
525 978 642 1043 mentis
673 978 822 1043 acumine
845 979 1012 1062 singulari,
1034 960 1130 1064 longo
1155 983 1188 1045 et

154 1090 268 1156 sedulo
304 1111 381 1157 cum
402 1091 526 1158 Latinis
548 1094 651 1178 poetis
677 1093 877 1158 commercio.
902 1091 992 1159 Haec
1020 1095 1108 1159 enim
1128 1095 1188 1179 qui

152 1202 259 1288 habet,
277 1207 352 1270 eum
375 1204 536 1271 interdum
557 1204 686 1271 fortuna
708 1207 842 1272 iurante
862 1207 1009 1272 invenire
1021 1208 1183 1292 quaedam

155 1337 239 1402 quae
260 1319 436 1403 peritorum
456 1321 602 1385 omnium
618 1326 769 1386 moveant
782 1320 1036 1405 admirationem,
1049 1340 1186 1387 consen·

155 1438 289 1499 taneum
312 1440 362 1501 est
384 1439 415 1501 et
438 1441 572 1501 naturae
595 1435 721 1520 legibus
742 1437 900 1500 convenit.
913 1436 1004 1502 Idem
1016 1441 1124 1503 tamen
1138 1439 1187 1502 vir

155 1548 353 1634 simulatque
393 1553 517 1635 praeter
554 1551 720 1634 proprium
753 1551 922 1635 ingenium
958 1541 1187 1636 propriamque

154 1661 335 1728 doctrinam
369 1663 433 1727 aha
467 1665 576 1728 omnia
610 1662 738 1729 adhibet
762 1669 794 1729 et
816 1664 856 1728 ad
881 1683 1031 1729 arcanam
1053 1665 1187 1731 illame

154 1776 268 1841 multis
302 1776 479 1841 multorum
513 1776 660 1841 codicum
692 1776 854 1842 erroribus
888 1796 998 1843 reram
1017 1777 1187 1845 lectionem

155 1889 291 1958 eruendi
321 1896 421 1957 artem
453 1891 607 1976 confugit,
638 1896 703 1957 tam
728 1893 780 1957 sui
802 1892 906 1976 ipsius
930 1896 1062 1977 tamque
1081 1895 1186 1958 omnis

155 2007 336 2072 venustatis
369 2005 406 2071 fit
440 1991 609 2071 immemor
632 2011 669 2071 ut
692 2005 907 2090 lepidissimos
931 2026 1045 2072 versus
1069 2005 1188 2072 Catulli

293 2165 399 2244 Quare
421 2167 503 2233 habe
525 2167 584 2232 tibi
608 2167 766 2252 quidquid
788 2168 851 2233 hoo
873 2167 983 2253 libelli,

291 2281 544 2367 qualecumque3
571 2281 666 2366 quod,
690 2286 862 2366 opatrona
887 2283 989 2368 virgo,

288 2397 364 2482 plus
387 2417 454 2463 uno
477 2399 607 2462 maneat
630 2415 770 2482 perenne
794 2396 899 2462 saeclo

158 2559 272 2644 ,facile
305 2562 452 2627 omnium
475 2560 703 2627 difficillimum
724 2557 854 2626 locum''
877 2577 993 2625 vocare
1016 2563 1049 2624 et
1065 2578 1124 2645 pro
1146 2560 1188 2626 iis

156 2692 315 2740 conncere

291 2835 407 2922 Quare,
426 2837 502 2921 mel,
525 2836 584 2902 tibi
605 2835 688 2902 habe
712 2836 843 2921 quidem
866 2835 928 2900 hoc
947 2834 1063 2920 libelh'3

289 2951 525 3035 qualecumque
549 2951 636 3036 quod
659 2955 716 3034 est,
739 2954 875 3035 patrona
897 2950 1000 3036 virgo,

289 3065 364 3150 plus
387 3085 453 3130 uno
477 3067 604 3130 maneat
626 3082 766 3149 perenne
786 3064 890 3128 saeclo

153 3247 221 3294 non
244 3226 419 3294 erubescat
442 3227 504 3293 Sed
527 3227 696 3292 redeamus
720 3225 761 3290 ad
782 3227 999 3311 propositum.

201 3389 270 3476 ,De
304 3392 440 3456 mortuis
471 3390 518 3454 nil
540 3391 605 3454 nisi
623 3388 706 3454 bene
731 3388 903 3454 dicendum
927 3387 1029 3473 esse'',
1051 3407 1185 3474 prover-

155 3505 247 3571 bium
282 3509 331 3572 est
365 3506 468 3590 magis
502 3508 616 3568 notum
640 3523 738 3587 quam
762 3521 884 3568 verum.
908 3499 1075 3587 Quidquid
1098 3503 1187 3588 dicis,

156 3621 226 3686 sive
250 3619 289 3685 de
312 3619 449 3683 mortuis
472 3617 541 3682 sire
564 3617 604 3682 de
627 3617 719 3701 viris,
739 3617 767 3682 si
790 3636 903 3681 verum
924 3621 973 3681 est
984 3615 1186 3701 probandum

156 3737 215 3820 est,
245 3732 420 3798 dummodo
451 3730 536 3796 absit
570 3731 654 3796 livor
685 3736 717 3797 et
739 3731 930 3816 arrogantia.
953 3729 1069 3816 Neque
1092 3732 1185 3815 quid-
