2736 4298
661 314 702 377 52

168 515 269 582 aeque
291 496 373 563 bene
396 498 436 563 ad
457 497 600 564 fabulam
624 519 722 585 quam
746 500 913 566 Phaedrus
935 499 1066 565 tradidit
1085 499 1202 565 referri

165 615 271 696 potest
313 632 412 697 quam
453 613 495 678 ad
530 632 600 678 eam
636 632 720 698 quae
756 633 775 678 a
808 612 946 679 Romulo
979 617 1028 678 est
1064 618 1201 678 servata

210 723 238 788 Ε
283 723 415 791 Romuli
454 724 565 791 fabula
609 726 696 791 haud
738 725 902 810 illepidam
944 726 1079 811 elegiam
1122 725 1203 791 fecit

167 837 352 904 Alexander
373 838 526 920 Neclxam,
550 858 568 905 e
592 859 657 924 qua
678 839 738 905 hos
760 858 875 905 versus
899 839 997 905 affero

210 1011 315 1079 Fortis
339 1032 444 1098 equus
467 1033 600 1079 cervum
625 1014 723 1079 nimis
747 1013 865 1098 oderat,
889 1018 921 1079 et
943 1017 1050 1079 tamen
1071 1013 1166 1079 illum

258 1126 410 1192 cornibus
433 1131 592 1193 armatum
614 1127 746 1193 vincere
769 1147 835 1193 nou
858 1131 991 1212 poterat.

211 1241 382 1308 Venatoris
405 1262 497 1328 opem
520 1243 651 1308 tandem
672 1244 751 1327 petit
775 1246 807 1307 et
829 1240 892 1308 sibi
915 1261 1049 1308 cervum

255 1358 483 1442 praepinguem
507 1355 623 1422 blande
647 1357 806 1442 supplicat
818 1356 841 1438 ¹)
867 1360 904 1422 nt
926 1357 1051 1440 capiat;

212 1476 244 1537 et
264 1471 355 1538 iubet
376 1474 446 1558 ipse
470 1470 533 1538 sibi
554 1470 684 1537 frenum
707 1471 885 1556 sellamque
906 1471 1012 1556 parari

256 1590 289 1651 et
310 1585 350 1651 de
372 1585 543 1671 praedictis
567 1585 647 1670 quid
668 1583 740 1650 fieri
763 1585 787 1668 2)
810 1584 929 1650 docuit.

209 1696 305 1765 Dicta
318 1701 462 1785 placent:
480 1701 531 1764 vir
547 1698 672 1765 scandit
688 1718 820 1784 equum,
836 1716 1035 1783 cervumque
1046 1696 1208 1783 fugacem·

255 1831 312 1898 per
334 1818 412 1898 sata,
434 1831 492 1898 per
514 1832 653 1898 campos,
675 1832 732 1898 per
753 1830 870 1877 nemus
892 1812 1096 1897 insequitur;

211 1929 373 1991 ettamen
397 1927 500 1992 evasit
518 1926 616 1992 velox
638 1927 708 1992 sine
730 1925 865 1991 vulnere
892 1943 1007 1990 cerrus

256 2041 373 2125 utqui
396 2059 461 2105 nou
484 2040 593 2127 aliquo
615 2040 756 2125 pondere
778 2057 909 2125 pressus
935 2042 1003 2104 erat
1029 2057 1055 2104 e.
1068 2059 1098 2123 q.
1111 2059 1136 2103 s.

211 2200 355 2268 Ultimus
378 2222 474 2287 quem
497 2204 595 2269 citavi
613 2222 728 2270 versus
747 2204 916 2288 egegieut
927 2204 1049 2288 opinor,
1062 2202 1201 2269 demen-

166 2318 230 2381 stat
251 2316 339 2381 haud
358 2317 531 2402 spernendi
549 2319 708 2383 acuminis
726 2319 834 2382 virum
853 2317 1078 2382 Alexandrum
1096 2316 1199 2384 illum

166 2427 277 2513 fuisse,
308 2430 366 2514 qni
395 2434 461 2496 tam
483 2430 566 2497 bene
587 2433 787 2517 perspexerit
810 2431 898 2515 quod
918 2430 1015 2496 fuerit
1038 2431 1200 2516 pristinae

166 2540 294 2609 fabulae
323 2548 559 2628 argumentum.
589 2544 650 2610 Illa
675 2546 763 2611 enim
785 2545 878 2610 dccet
900 2563 995 2629 saepe
1017 2544 1200 2611 ulciscendi

168 2655 277 2722 studio
300 2654 448 2742 abreptos
465 2658 613 2724 hemines
631 2658 791 2724 eiusmodi
810 2677 923 2743 capere
934 2658 1201 2744 consiliumque

168 2774 201 2837 et
222 2772 258 2836 in
281 2790 430 2857 magnam
453 2772 597 2838 incidant
615 2771 827 2837 calamitatem
846 2776 879 2837 et
896 2772 1000 2857 ipsam
1019 2771 1203 2838 ulciscendi

167 2883 353 2952 facmtatcm
375 2886 532 2951 amittant

201 3142 230 3207 1)
247 3156 273 3197 v.
288 3142 307 3197 l.
325 3142 444 3210 Quae
459 3141 531 3195 haud
549 3142 625 3197 male.

203 3232 232 3299 l)
250 3234 292 3288 dn
303 3234 406 3301 M?
