2676 4290
625 334 668 398 13

127 517 243 586 bemus
275 538 350 606 ergo
380 522 446 586 tres
469 517 620 586 Caesares
643 520 782 586 nvinda
804 519 968 588 Romanae
990 542 1056 588 non
1081 525 1159 591 satis

125 652 215 699 acres
249 633 442 719 defensores,
474 654 612 720 quorum
634 635 758 720 primus
777 655 845 701 rem
869 635 952 703 bene
974 637 1157 704 inchoatam

124 749 278 814 extremis
301 749 385 815 vitae
408 750 503 815 annis
528 749 678 834 deseruit,
698 750 862 817 secundus
882 747 1063 837 tertiusque
1082 773 1157 819 cnm

124 866 224 927 totam
244 862 478 948 rempublicam
496 867 567 929 tum
582 864 665 928 hanc
675 870 798 949 partem
808 867 994 950 turpissime
1005 868 1156 953 neglexe-

123 980 209 1041 runt
243 975 370 1054 Quanto
401 978 452 1043 hIs
481 978 640 1062 praestitit
669 977 723 1044 ille
757 980 814 1063 qui
836 981 960 1064 primus
984 980 1156 1068 Augustus

123 1091 310 1155 nominatus
343 1094 399 1156 est.
434 1088 483 1157 De
518 1110 583 1175 quo
613 1090 788 1158 Suetonius
818 1093 999 1179 (Aug.40):
1027 1114 1157 1178 ,servos

122 1221 190 1267 non
212 1208 383 1270 contentus
405 1204 517 1270 multis
539 1203 784 1270 difficultatibus
803 1225 822 1270 a
839 1205 987 1273 llbertate
1009 1208 1155 1273 etmulto

122 1315 273 1399 pluribus
296 1336 315 1381 a
336 1315 483 1383 libertate
505 1318 592 1383 iusta
613 1320 799 1404 removisse,
817 1338 892 1384 cum
917 1323 949 1386 et
968 1301 1155 1388 denumero

124 1434 156 1494 et
191 1428 230 1495 de
260 1430 444 1496 conditione
473 1450 511 1496 ac
534 1431 711 1497 differentia
735 1451 847 1498 eorum
871 1433 928 1518 qui
950 1435 1157 1501 manumitte-

121 1548 236 1610 rentur
257 1546 383 1610 curiose
406 1546 551 1630 cavisset,
574 1546 635 1612 hoc
659 1565 789 1631 quoque
813 1547 937 1631 adiecit,
959 1567 1001 1613 ne
1024 1549 1155 1614 vinctus

121 1676 267 1742 unquam
298 1661 442 1724 totiusve
474 1660 547 1743 quis
579 1659 646 1724 ullo
670 1659 827 1725 libertatis
849 1680 967 1746 genera
990 1664 1156 1728 civitatem

122 1770 382 1857 adipisceretur.''
416 1772 460 1837 Et
493 1773 556 1838 allo
590 1774 661 1838 loco
692 1773 758 1856 (67)
791 1794 888 1859 quam
912 1776 990 1841 artis
1015 1777 1155 1844 vinculis

122 1903 200 1950 suos
222 1886 291 1971 ipse
313 1885 446 1952 libertos
467 1887 695 1952 constrinxerit
712 1888 885 1972 Augustus
904 1908 946 1954 ne
957 1891 1049 1955 vetiti
1060 1891 1155 1975 quid·

122 2018 219 2083 quam
256 1999 317 2065 sibi
346 2001 443 2066 licere
475 2000 707 2067 arbitrarentur
738 2001 915 2068 Suetonius
939 2004 1047 2071 docet:
1075 2001 1156 2089 ,Pass

121 2114 235 2178 tronus
259 2113 477 2198 dominusque
499 2134 566 2180 non
589 2116 698 2182 mInus
721 2134 854 2182 severus
879 2137 978 2201 quam
1001 2117 1104 2185 facilis
1123 2123 1156 2185 et

121 2448 226 2516 (Severo
250 2448 282 2502 ci,
306 2449 357 2516 Blr)
383 2449 486 2502 cuidam
503 2450 596 2502 liberto
614 2450 730 2502 &asans
745 2465 804 2503 eam
821 2451 981 2518 provinciam
999 2452 1155 2505 commisit.”
1220 2457 1222 2461 ⁴

120 2539 209 2606 (unna
225 2537 268 2606 en,
286 2538 337 2592 nn
353 2540 382 2593 c.
400 2541 489 2607 uun
506 2539 561 2607 19),
585 2541 721 2610 ,Agrippa
744 2542 843 2594 nomae
860 2543 962 2609 ruens,
979 2543 1026 2595 un
1042 2543 1154 2595 amua·
1262 2526 1264 2530 ‘

121 2630 226 2684 ritatem
243 2630 331 2683 iunxit
347 2646 409 2684 cum
426 2631 522 2684 Tiberii
540 2633 702 2698 imperatoris
720 2631 773 2684 filio
791 2633 1155 2700 Druendntoniaquemagni

121 2721 200 2775 Drusi
216 2738 306 2790 uxore,
327 2729 354 2777 et
376 2726 469 2776 multis
486 2725 545 2777 aliis
562 2725 642 2777 rebus
659 2725 847 2792 patrimonium
867 2740 947 2778 sunm
965 2726 1113 2793 dilapidavit
1129 2730 1156 2778 et

119 2815 250 2883 largiendo
274 2817 370 2869 Tiberii
395 2817 503 2884 libertis,
530 2832 645 2883 quorum
668 2832 695 2869 se
718 2832 795 2883 opera
813 2832 926 2870 usurum
943 2817 1086 2884 sperabat.”
1102 2818 1152 2871 Ios.

120 2907 152 2960 A.
161 2909 181 2961 1.
198 2908 292 2976 XVIII,
309 2907 376 2977 6,1.

154 3000 241 3069 „Idem
260 3000 373 3068 Agrippa
389 3015 405 3053 a
421 3001 511 3054 'Iballo
526 3002 638 3068 quodam
655 3001 817 3055 Samaritano
825 3003 931 3055 natione
939 3001 1054 3055 Caesaris
1062 3002 1155 3055 liberto

119 3092 215 3144 centies
231 3097 326 3145 mutuo
342 3093 462 3159 sumpsit,
478 3108 560 3160 ecque
575 3094 652 3145 modo
669 3093 798 3146 Antoniae
814 3094 931 3147 debitum
946 3094 1069 3160 reddidit;
1084 3094 1154 3160 quod

117 3188 206 3236 autem
223 3183 365 3252 {reliquum
388 3189 445 3237 erat
468 3186 501 3237 ad
525 3199 568 3238 eas
591 3199 633 3237 res
655 3186 820 3251 impendebat
842 3187 939 3252 quibus
955 3186 1016 3240 (taio
1034 3191 1154 3254 acceptus

118 3275 175 3328 tleri
192 3276 302 3344 posset”
319 3279 368 3330 Ios.
384 3277 478 3344 XVIII,
495 3275 520 3344 6,
537 3276 562 3329 4.

150 3367 315 3421 libertorum
337 3374 427 3422 autam
444 3369 471 3421 in
491 3369 605 3420 maxilua
622 3370 691 3435 apud
709 3367 842 3421 Tiberium
858 3369 956 3422 honora
972 3375 1029 3423 erat
1046 3369 1152 3423 Euodus

116 3459 232 3525 quidam,
249 3475 329 3526 quem
351 3460 544 3528 ingravescente
561 3460 659 3527 morbo,
676 3460 810 3526 quamde
827 3461 910 3513 salute
926 3474 976 3513 sna
992 3461 1150 3530 despemhat,

117 3550 184 3604 tlli0s
200 3552 232 3603 ad
249 3568 277 3605 se
292 3552 418 3606 adducere
434 3552 518 3604 iussit.
536 3567 560 3605 v.
578 3551 613 3604 id.
630 3550 724 3616 xvm,
741 3549 766 3618 6,
783 3549 808 3603 8.

150 3644 226 3712 Apud
251 3644 368 3698 Plinium
394 3645 426 3697 H.
436 3645 469 3698 N.
494 3646 557 3698 XIII
574 3661 595 3698 a
612 3643 647 3696 15
668 3645 771 3712 insigne
786 3644 881 3712 legitur
897 3645 1047 3712 exemplum
1064 3644 1152 3697 liberti

117 3737 213 3791 Tiberii
230 3737 259 3791 in
275 3737 391 3790 maximo
406 3737 517 3790 viventis
533 3737 607 3791 luxu.
