<?xml version="1.0" encoding="UTF-8"?>
<!DOCTYPE html PUBLIC "-//W3C//DTD XHTML 1.0 Transitional//EN"
    "http://www.w3.org/TR/xhtml1/DTD/xhtml1-transitional.dtd">
<html xmlns="http://www.w3.org/1999/xhtml" xml:lang="en" lang="en">
 <head>
  <title>
</title>
<meta http-equiv="Content-Type" content="text/html;charset=utf-8" />
  <meta name='ocr-system' content='tesseract 3.04.00' />
  <meta name='ocr-capabilities' content='ocr_page ocr_carea ocr_par ocr_line ocrx_word'/>
</head>
<body>
  <div class='ocr_page' id='page_1' title='image "./dephaedrifabuli00hartgoog_0086.png"; bbox 0 0 2676 4290; ppageno 0'>
   <div class='ocr_carea' id='block_1_1' title="bbox 628 343 671 406">
    <p class='ocr_par' dir='ltr' id='par_1_1' title="bbox 628 343 671 406">
     <span class='ocr_line' id='line_1_1' title="bbox 628 343 671 406; baseline 0 0"><span class='ocrx_word' id='word_1_1' title='bbox 628 343 671 406; x_wconf 77' lang='lat' dir='ltr'>to</span> 
     </span>
    </p>
   </div>
   <div class='ocr_carea' id='block_1_2' title="bbox 109 527 1153 956">
    <p class='ocr_par' dir='ltr' id='par_1_2' title="bbox 109 527 1153 844">
     <span class='ocr_line' id='line_1_2' title="bbox 115 527 1153 611; baseline -0.006 -16"><span class='ocrx_word' id='word_1_2' title='bbox 115 532 190 597; x_wconf 87' lang='lat' dir='ltr'>loeo</span> <span class='ocrx_word' id='word_1_3' title='bbox 221 533 305 596; x_wconf 87' lang='lat' dir='ltr'>esset</span> <span class='ocrx_word' id='word_1_4' title='bbox 334 529 421 594; x_wconf 90' lang='lat' dir='ltr'>ordo.</span> <span class='ocrx_word' id='word_1_5' title='bbox 443 527 558 593; x_wconf 86' lang='lat' dir='ltr'>Potius</span> <span class='ocrx_word' id='word_1_6' title='bbox 580 527 675 592; x_wconf 87' lang='lat' dir='ltr'>eredo</span> <span class='ocrx_word' id='word_1_7' title='bbox 698 527 837 591; x_wconf 88' lang='lat' dir='ltr'>insertos</span> <span class='ocrx_word' id='word_1_8' title='bbox 861 544 932 591; x_wconf 88' lang='lat' dir='ltr'>esse</span> <span class='ocrx_word' id='word_1_9' title='bbox 954 545 973 590; x_wconf 87' lang='lat' dir='ltr'>a</span> <span class='ocrx_word' id='word_1_10' title='bbox 993 543 1153 611; x_wconf 82' lang='lat' dir='ltr'>gramme·</span> 
     </span>
     <span class='ocr_line' id='line_1_3' title="bbox 109 639 1151 729; baseline -0.005 -20"><span class='ocrx_word' id='word_1_11' title='bbox 109 645 185 727; x_wconf 74' lang='lat' dir='ltr'>tioo‚</span> <span class='ocrx_word' id='word_1_12' title='bbox 208 645 263 709; x_wconf 90' lang='lat' dir='ltr'>oui</span> <span class='ocrx_word' id='word_1_13' title='bbox 302 643 485 729; x_wconf 79' lang='lat' dir='ltr'>displiceret</span> <span class='ocrx_word' id='word_1_14' title='bbox 509 640 616 707; x_wconf 85' lang='lat' dir='ltr'>subita</span> <span class='ocrx_word' id='word_1_15' title='bbox 640 639 859 706; x_wconf 81' lang='lat' dir='ltr'>subiectorum</span> <span class='ocrx_word' id='word_1_16' title='bbox 883 642 1029 724; x_wconf 87' lang='lat' dir='ltr'>mutatio,</span> <span class='ocrx_word' id='word_1_17' title='bbox 1052 658 1151 724; x_wconf 87' lang='lat' dir='ltr'>quam</span> 
     </span>
     <span class='ocr_line' id='line_1_4' title="bbox 115 757 938 844; baseline -0.007 -19"><span class='ocrx_word' id='word_1_18' title='bbox 115 759 262 825; x_wconf 85' lang='lat' dir='ltr'>Phaedro</span> <span class='ocrx_word' id='word_1_19' title='bbox 284 759 453 844; x_wconf 90' lang='lat' dir='ltr'>probatam</span> <span class='ocrx_word' id='word_1_20' title='bbox 475 757 577 823; x_wconf 90' lang='lat' dir='ltr'>fuisse</span> <span class='ocrx_word' id='word_1_21' title='bbox 601 757 713 841; x_wconf 82' lang='lat' dir='ltr'>negari</span> <span class='ocrx_word' id='word_1_22' title='bbox 737 775 802 820; x_wconf 94' lang='lat' dir='ltr'>non</span> <span class='ocrx_word' id='word_1_23' title='bbox 826 759 938 841; x_wconf 90' lang='lat' dir='ltr'>potest</span> 
     </span>
    </p>

    <p class='ocr_par' dir='ltr' id='par_1_3' title="bbox 161 868 885 956">
     <span class='ocr_line' id='line_1_5' title="bbox 161 868 885 956; baseline -0.007 -20"><span class='ocrx_word' id='word_1_24' title='bbox 161 871 202 956; x_wconf 86' lang='lat' dir='ltr'>V,</span> <span class='ocrx_word' id='word_1_25' title='bbox 226 874 255 937; x_wconf 89' lang='lat'>2.</span> <span class='ocrx_word' id='word_1_26' title='bbox 277 871 352 938; x_wconf 89' lang='lat' dir='ltr'>Non</span> <span class='ocrx_word' id='word_1_27' title='bbox 375 870 472 936; x_wconf 88' lang='lat' dir='ltr'>habet</span> <span class='ocrx_word' id='word_1_28' title='bbox 494 870 566 935; x_wconf 87' lang='lat' dir='ltr'>eod.</span> <span class='ocrx_word' id='word_1_29' title='bbox 589 869 628 934; x_wconf 89' lang='lat' dir='ltr'>V.</span> <span class='ocrx_word' id='word_1_30' title='bbox 654 868 885 955; x_wconf 84' lang='lat' dir='ltr'>epimythium:</span> 
     </span>
    </p>
   </div>
   <div class='ocr_carea' id='block_1_3' title="bbox 250 1068 988 1270">
    <p class='ocr_par' dir='ltr' id='par_1_4' title="bbox 250 1068 988 1270">
     <span class='ocr_line' id='line_1_6' title="bbox 250 1068 877 1156; baseline -0.006 -20"><span class='ocrx_word' id='word_1_31' title='bbox 250 1071 304 1136; x_wconf 93' lang='lat' dir='ltr'>Illi</span> <span class='ocrx_word' id='word_1_32' title='bbox 326 1069 485 1156; x_wconf 80' lang='lat' dir='ltr'>assignari</span> <span class='ocrx_word' id='word_1_33' title='bbox 508 1069 602 1135; x_wconf 89' lang='lat' dir='ltr'>debet</span> <span class='ocrx_word' id='word_1_34' title='bbox 623 1070 703 1135; x_wconf 86' lang='lat' dir='ltr'>haee</span> <span class='ocrx_word' id='word_1_35' title='bbox 725 1068 877 1151; x_wconf 86' lang='lat' dir='ltr'>narratio,</span> 
     </span>
     <span class='ocr_line' id='line_1_7' title="bbox 250 1181 988 1270; baseline -0.007 -19"><span class='ocrx_word' id='word_1_36' title='bbox 250 1187 310 1270; x_wconf 88' lang='lat' dir='ltr'>qui</span> <span class='ocrx_word' id='word_1_37' title='bbox 330 1204 367 1250; x_wconf 88' lang='lat' dir='ltr'>re</span> <span class='ocrx_word' id='word_1_38' title='bbox 390 1184 533 1250; x_wconf 85' lang='lat' dir='ltr'>secunda</span> <span class='ocrx_word' id='word_1_39' title='bbox 554 1183 646 1250; x_wconf 88' lang='lat' dir='ltr'>fortis</span> <span class='ocrx_word' id='word_1_40' title='bbox 671 1188 729 1268; x_wconf 87' lang='lat' dir='ltr'>est,</span> <span class='ocrx_word' id='word_1_41' title='bbox 752 1181 850 1248; x_wconf 87' lang='lat' dir='ltr'>dubia</span> <span class='ocrx_word' id='word_1_42' title='bbox 876 1181 988 1268; x_wconf 80' lang='lat' dir='ltr'>fugax.</span> 
     </span>
    </p>
   </div>
   <div class='ocr_carea' id='block_1_4' title="bbox 160 1366 1154 1459">
    <p class='ocr_par' dir='ltr' id='par_1_5' title="bbox 160 1366 1154 1459">
     <span class='ocr_line' id='line_1_8' title="bbox 160 1366 1154 1459; baseline -0.005 -21"><span class='ocrx_word' id='word_1_43' title='bbox 160 1372 223 1438; x_wconf 87' lang='lat' dir='ltr'>Sed</span> <span class='ocrx_word' id='word_1_44' title='bbox 257 1374 332 1459; x_wconf 93' lang='lat' dir='ltr'>quis</span> <span class='ocrx_word' id='word_1_45' title='bbox 366 1371 445 1457; x_wconf 92' lang='lat' dir='ltr'>quid</span> <span class='ocrx_word' id='word_1_46' title='bbox 478 1370 588 1436; x_wconf 86' lang='lat' dir='ltr'>fabula</span> <span class='ocrx_word' id='word_1_47' title='bbox 621 1370 732 1436; x_wconf 88' lang='lat' dir='ltr'>doeeet</span> <span class='ocrx_word' id='word_1_48' title='bbox 766 1389 832 1435; x_wconf 89' lang='lat' dir='ltr'>non</span> <span class='ocrx_word' id='word_1_49' title='bbox 871 1389 913 1435; x_wconf 83' lang='lat' dir='ltr'>ex</span> <span class='ocrx_word' id='word_1_50' title='bbox 949 1371 1021 1455; x_wconf 89' lang='lat' dir='ltr'>ipsa</span> <span class='ocrx_word' id='word_1_51' title='bbox 1043 1366 1154 1434; x_wconf 86' lang='lat' dir='ltr'>fabula</span> 
     </span>
    </p>
   </div>
   <div class='ocr_carea' id='block_1_5' title="bbox 117 1487 474 1684">
    <p class='ocr_par' dir='ltr' id='par_1_6' title="bbox 117 1487 474 1684">
     <span class='ocr_line' id='line_1_9' title="bbox 117 1487 314 1573; baseline -0.015 -20"><span class='ocrx_word' id='word_1_52' title='bbox 117 1487 314 1573; x_wconf 83' lang='lat' dir='ltr'>eognoscat?</span> 
     </span>
     <span class='ocr_line' id='line_1_10' title="bbox 161 1599 474 1684; baseline -0.003 -19"><span class='ocrx_word' id='word_1_53' title='bbox 161 1599 201 1666; x_wconf 88' lang='lat' dir='ltr'>V.</span> <span class='ocrx_word' id='word_1_54' title='bbox 226 1602 256 1684; x_wconf 89' lang='grc'>3,</span> <span class='ocrx_word' id='word_1_55' title='bbox 280 1600 421 1665; x_wconf 91' lang='grc'><strong>10-13.</strong></span> <span class='ocrx_word' id='word_1_56' title='bbox 472 1616 474 1619; x_wconf 77' lang='grc'><strong>’</strong></span> 
     </span>
    </p>
   </div>
   <div class='ocr_carea' id='block_1_6' title="bbox 205 1797 1099 2111">
    <p class='ocr_par' dir='ltr' id='par_1_7' title="bbox 205 1797 1099 2111">
     <span class='ocr_line' id='line_1_11' title="bbox 206 1797 1099 1884; baseline -0.002 -20"><span class='ocrx_word' id='word_1_57' title='bbox 206 1798 277 1864; x_wconf 82' lang='grc' dir='ltr'>Ηοο</span> <span class='ocrx_word' id='word_1_58' title='bbox 301 1804 528 1884; x_wconf 81' lang='lat' dir='ltr'><strong>argumentum</strong></span> <span class='ocrx_word' id='word_1_59' title='bbox 551 1800 647 1864; x_wconf 81' lang='lat' dir='ltr'>venio</span> <span class='ocrx_word' id='word_1_60' title='bbox 670 1817 763 1883; x_wconf 83' lang='lat' dir='ltr'>mage</span> <span class='ocrx_word' id='word_1_61' title='bbox 785 1798 823 1880; x_wconf 76' lang='lat' dir='ltr'>(P)</span> <span class='ocrx_word' id='word_1_62' title='bbox 846 1797 982 1882; x_wconf 84' lang='lat' dir='ltr'>dignum</span> <span class='ocrx_word' id='word_1_63' title='bbox 1006 1797 1099 1862; x_wconf 84' lang='lat' dir='ltr'>docet</span> 
     </span>
     <span class='ocr_line' id='line_1_12' title="bbox 205 1911 1044 1998; baseline -0.006 -20"><span class='ocrx_word' id='word_1_64' title='bbox 205 1913 263 1998; x_wconf 91' lang='lat' dir='ltr'>qui</span> <span class='ocrx_word' id='word_1_65' title='bbox 285 1933 363 1978; x_wconf 86' lang='lat' dir='ltr'>oesu</span> <span class='ocrx_word' id='word_1_66' title='bbox 386 1917 496 1997; x_wconf 82' lang='lat' dir='ltr'>peceat</span> <span class='ocrx_word' id='word_1_67' title='bbox 520 1931 620 1996; x_wconf 85' lang='lat' dir='ltr'>quam</span> <span class='ocrx_word' id='word_1_68' title='bbox 643 1914 702 1996; x_wconf 90' lang='lat' dir='ltr'>qui</span> <span class='ocrx_word' id='word_1_69' title='bbox 725 1911 891 1976; x_wconf 87' lang='lat' dir='ltr'>oonsiliost</span> <span class='ocrx_word' id='word_1_70' title='bbox 914 1930 1044 1976; x_wconf 86' lang='lat' dir='ltr'>nocens.</span> 
     </span>
     <span class='ocr_line' id='line_1_13' title="bbox 249 2024 1009 2111; baseline -0.003 -21"><span class='ocrx_word' id='word_1_71' title='bbox 249 2025 349 2090; x_wconf 91' lang='lat' dir='ltr'>Illum</span> <span class='ocrx_word' id='word_1_72' title='bbox 372 2044 443 2091; x_wconf 90' lang='lat' dir='ltr'>esse</span> <span class='ocrx_word' id='word_1_73' title='bbox 467 2027 582 2110; x_wconf 86' lang='lat' dir='ltr'>quovis</span> <span class='ocrx_word' id='word_1_74' title='bbox 607 2025 742 2110; x_wconf 86' lang='lat' dir='ltr'>dignum</span> <span class='ocrx_word' id='word_1_75' title='bbox 764 2044 870 2111; x_wconf 91' lang='lat' dir='ltr'>poena</span> <span class='ocrx_word' id='word_1_76' title='bbox 891 2024 1009 2089; x_wconf 84' lang='lat' dir='ltr'>iudico.</span> 
     </span>
    </p>
   </div>
   <div class='ocr_carea' id='block_1_7' title="bbox 114 2211 1153 2526">
    <p class='ocr_par' dir='ltr' id='par_1_8' title="bbox 114 2211 1153 2526">
     <span class='ocr_line' id='line_1_14' title="bbox 163 2211 1153 2299; baseline 0.001 -23"><span class='ocrx_word' id='word_1_77' title='bbox 163 2211 235 2277; x_wconf 90' lang='lat' dir='ltr'>Hoo</span> <span class='ocrx_word' id='word_1_78' title='bbox 259 2231 390 2298; x_wconf 90' lang='lat' dir='ltr'>quoque</span> <span class='ocrx_word' id='word_1_79' title='bbox 413 2214 628 2299; x_wconf 89' lang='lat' dir='ltr'>epimythium</span> <span class='ocrx_word' id='word_1_80' title='bbox 651 2215 800 2298; x_wconf 82' lang='lat' dir='ltr'>ignotum</span> <span class='ocrx_word' id='word_1_81' title='bbox 821 2212 924 2278; x_wconf 89' lang='lat' dir='ltr'>fuisse</span> <span class='ocrx_word' id='word_1_82' title='bbox 943 2211 1153 2278; x_wconf 87' lang='lat' dir='ltr'>Perottiauc·</span> 
     </span>
     <span class='ocr_line' id='line_1_15' title="bbox 116 2326 1150 2413; baseline 0 -23"><span class='ocrx_word' id='word_1_83' title='bbox 116 2327 179 2391; x_wconf 89' lang='lat' dir='ltr'>tori</span> <span class='ocrx_word' id='word_1_84' title='bbox 203 2328 316 2413; x_wconf 90' lang='lat' dir='ltr'>opinor</span> <span class='ocrx_word' id='word_1_85' title='bbox 338 2346 446 2412; x_wconf 89' lang='lat' dir='ltr'>neque</span> <span class='ocrx_word' id='word_1_86' title='bbox 469 2347 488 2392; x_wconf 87' lang='lat' dir='ltr'>a</span> <span class='ocrx_word' id='word_1_87' title='bbox 511 2327 658 2392; x_wconf 83' lang='lat' dir='ltr'>Phaedro</span> <span class='ocrx_word' id='word_1_88' title='bbox 681 2326 836 2391; x_wconf 83' lang='lat' dir='ltr'>additum.</span> <span class='ocrx_word' id='word_1_89' title='bbox 860 2326 950 2391; x_wconf 88' lang='lat' dir='ltr'>Nihil</span> <span class='ocrx_word' id='word_1_90' title='bbox 974 2326 1061 2391; x_wconf 91' lang='lat' dir='ltr'>enim</span> <span class='ocrx_word' id='word_1_91' title='bbox 1074 2344 1150 2390; x_wconf 90' lang='lat' dir='ltr'>oon-</span> 
     </span>
     <span class='ocr_line' id='line_1_16' title="bbox 114 2440 1150 2526; baseline 0.001 -20"><span class='ocrx_word' id='word_1_92' title='bbox 114 2443 196 2507; x_wconf 91' lang='lat' dir='ltr'>tinet</span> <span class='ocrx_word' id='word_1_93' title='bbox 230 2441 318 2526; x_wconf 92' lang='lat' dir='ltr'>quod</span> <span class='ocrx_word' id='word_1_94' title='bbox 350 2461 418 2506; x_wconf 96' lang='lat' dir='ltr'>non</span> <span class='ocrx_word' id='word_1_95' title='bbox 448 2443 514 2507; x_wconf 92' lang='lat' dir='ltr'>iam</span> <span class='ocrx_word' id='word_1_96' title='bbox 545 2442 661 2507; x_wconf 87' lang='lat' dir='ltr'>iisdem</span> <span class='ocrx_word' id='word_1_97' title='bbox 684 2440 752 2507; x_wconf 88' lang='lat' dir='ltr'>fere</span> <span class='ocrx_word' id='word_1_98' title='bbox 776 2440 884 2507; x_wconf 88' lang='lat' dir='ltr'>verbis</span> <span class='ocrx_word' id='word_1_99' title='bbox 907 2443 943 2505; x_wconf 94' lang='lat' dir='ltr'>in</span> <span class='ocrx_word' id='word_1_100' title='bbox 965 2443 1150 2508; x_wconf 81' lang='lat' dir='ltr'>narratione</span> 
     </span>
    </p>
   </div>
   <div class='ocr_carea' id='block_1_8' title="bbox 116 2555 1008 2755">
    <p class='ocr_par' dir='ltr' id='par_1_9' title="bbox 116 2555 1008 2755">
     <span class='ocr_line' id='line_1_17' title="bbox 116 2555 817 2621; baseline -0.001 -1"><span class='ocrx_word' id='word_1_101' title='bbox 116 2555 240 2620; x_wconf 86' lang='lat' dir='ltr'>dietum</span> <span class='ocrx_word' id='word_1_102' title='bbox 264 2557 314 2620; x_wconf 92' lang='lat' dir='ltr'>sit.</span> <span class='ocrx_word' id='word_1_103' title='bbox 337 2555 395 2620; x_wconf 84' lang='lat' dir='ltr'>Vs.</span> <span class='ocrx_word' id='word_1_104' title='bbox 421 2556 472 2620; x_wconf 87' lang='lat'>13.</span> <span class='ocrx_word' id='word_1_105' title='bbox 494 2555 653 2621; x_wconf 82' lang='lat' dir='ltr'>Miillerus</span> <span class='ocrx_word' id='word_1_106' title='bbox 675 2556 817 2621; x_wconf 83' lang='lat' dir='ltr'>inclusit</span> 
     </span>
     <span class='ocr_line' id='line_1_18' title="bbox 160 2667 1008 2755; baseline 0 -22"><span class='ocrx_word' id='word_1_107' title='bbox 160 2667 201 2754; x_wconf 87' lang='lat' dir='ltr'>V,</span> <span class='ocrx_word' id='word_1_108' title='bbox 223 2670 254 2734; x_wconf 88' lang='grc'>4.</span> <span class='ocrx_word' id='word_1_109' title='bbox 277 2668 391 2755; x_wconf 88' lang='lat' dir='ltr'>Inepte</span> <span class='ocrx_word' id='word_1_110' title='bbox 414 2671 591 2734; x_wconf 82' lang='lat' dir='ltr'>narrationi</span> <span class='ocrx_word' id='word_1_111' title='bbox 612 2669 778 2734; x_wconf 86' lang='lat' dir='ltr'>adduntur</span> <span class='ocrx_word' id='word_1_112' title='bbox 800 2688 864 2734; x_wconf 81' lang='lat' dir='ltr'>vss.</span> <span class='ocrx_word' id='word_1_113' title='bbox 890 2668 1008 2733; x_wconf 81' lang='grc'><strong>7-12,</strong></span> 
     </span>
    </p>
   </div>
   <div class='ocr_carea' id='block_1_9' title="bbox 249 2855 1092 3508">
    <p class='ocr_par' dir='ltr' id='par_1_10' title="bbox 250 2855 902 3055">
     <span class='ocr_line' id='line_1_19' title="bbox 250 2855 877 2942; baseline 0 -20"><span class='ocrx_word' id='word_1_114' title='bbox 250 2855 360 2923; x_wconf 89' lang='lat' dir='ltr'>Huius</span> <span class='ocrx_word' id='word_1_115' title='bbox 383 2862 531 2942; x_wconf 86' lang='lat' dir='ltr'>respectu</span> <span class='ocrx_word' id='word_1_116' title='bbox 554 2856 683 2923; x_wconf 84' lang='lat' dir='ltr'>fabulae</span> <span class='ocrx_word' id='word_1_117' title='bbox 706 2857 877 2922; x_wconf 83' lang='lat' dir='ltr'>deterritus</span> 
     </span>
     <span class='ocr_line' id='line_1_20' title="bbox 250 2969 902 3055; baseline 0.002 -20"><span class='ocrx_word' id='word_1_118' title='bbox 250 2970 469 3055; x_wconf 81' lang='lat' dir='ltr'>periouiosum</span> <span class='ocrx_word' id='word_1_119' title='bbox 492 2989 618 3055; x_wconf 90' lang='lat' dir='ltr'>semper</span> <span class='ocrx_word' id='word_1_120' title='bbox 641 2971 742 3034; x_wconf 84' lang='lat' dir='ltr'>vitavi</span> <span class='ocrx_word' id='word_1_121' title='bbox 764 2969 902 3036; x_wconf 87' lang='lat' dir='ltr'>luorum.</span> 
     </span>
    </p>

    <p class='ocr_par' dir='ltr' id='par_1_11' title="bbox 249 3081 1092 3397">
     <span class='ocr_line' id='line_1_21' title="bbox 251 3081 970 3169; baseline 0.001 -21"><span class='ocrx_word' id='word_1_122' title='bbox 251 3081 315 3148; x_wconf 83' lang='lat' dir='ltr'>Sed</span> <span class='ocrx_word' id='word_1_123' title='bbox 340 3084 444 3148; x_wconf 86' lang='lat' dir='ltr'>dioes:</span> <span class='ocrx_word' id='word_1_124' title='bbox 469 3084 527 3168; x_wconf 92' lang='lat' dir='ltr'>qui</span> <span class='ocrx_word' id='word_1_125' title='bbox 549 3096 684 3169; x_wconf 87' lang='lat' dir='ltr'>rapuere</span> <span class='ocrx_word' id='word_1_126' title='bbox 707 3084 836 3161; x_wconf 71' lang='lat' dir='ltr'>diuitias</span> <span class='ocrx_word' id='word_1_127' title='bbox 861 3083 970 3149; x_wconf 86' lang='lat' dir='ltr'>latent.</span> 
     </span>
     <span class='ocr_line' id='line_1_22' title="bbox 249 3194 1092 3283; baseline 0.004 -23"><span class='ocrx_word' id='word_1_128' title='bbox 249 3194 467 3262; x_wconf 80' lang='lat' dir='ltr'>Numeremus</span> <span class='ocrx_word' id='word_1_129' title='bbox 492 3196 639 3281; x_wconf 84' lang='lat' dir='ltr'>agedum,</span> <span class='ocrx_word' id='word_1_130' title='bbox 665 3199 722 3281; x_wconf 91' lang='lat' dir='ltr'>qui</span> <span class='ocrx_word' id='word_1_131' title='bbox 746 3197 894 3283; x_wconf 86' lang='lat' dir='ltr'>deprensi</span> <span class='ocrx_word' id='word_1_132' title='bbox 918 3197 1092 3283; x_wconf 89' lang='lat' dir='ltr'>perierunt</span> 
     </span>
     <span class='ocr_line' id='line_1_23' title="bbox 250 3308 940 3397; baseline 0.003 -24"><span class='ocrx_word' id='word_1_133' title='bbox 250 3308 405 3375; x_wconf 89' lang='lat' dir='ltr'>Maiorem</span> <span class='ocrx_word' id='word_1_134' title='bbox 427 3310 555 3375; x_wconf 87' lang='lat' dir='ltr'>turbam</span> <span class='ocrx_word' id='word_1_135' title='bbox 579 3311 768 3395; x_wconf 88' lang='lat' dir='ltr'>punitorum</span> <span class='ocrx_word' id='word_1_136' title='bbox 790 3314 940 3397; x_wconf 83' lang='lat' dir='ltr'>reperies.</span> 
     </span>
    </p>

    <p class='ocr_par' dir='ltr' id='par_1_12' title="bbox 250 3422 998 3508">
     <span class='ocr_line' id='line_1_24' title="bbox 250 3422 998 3508; baseline 0.004 -22"><span class='ocrx_word' id='word_1_137' title='bbox 250 3422 370 3489; x_wconf 81' lang='lat' dir='ltr'>Paucis</span> <span class='ocrx_word' id='word_1_138' title='bbox 392 3425 556 3488; x_wconf 85' lang='lat' dir='ltr'>temeritas</span> <span class='ocrx_word' id='word_1_139' title='bbox 581 3428 629 3488; x_wconf 89' lang='lat' dir='ltr'>est</span> <span class='ocrx_word' id='word_1_140' title='bbox 652 3423 747 3508; x_wconf 84' lang='lat' dir='ltr'>bono,</span> <span class='ocrx_word' id='word_1_141' title='bbox 770 3425 882 3490; x_wconf 90' lang='lat' dir='ltr'>multis</span> <span class='ocrx_word' id='word_1_142' title='bbox 906 3426 998 3490; x_wconf 91' lang='lat' dir='ltr'>malo.</span> 
     </span>
    </p>
   </div>
   <div class='ocr_carea' id='block_1_10' title="bbox 116 3561 1148 3812">
    <p class='ocr_par' dir='ltr' id='par_1_13' title="bbox 116 3561 1148 3812">
     <span class='ocr_line' id='line_1_25' title="bbox 117 3561 1148 3698; baseline 0.006 -25"><span class='ocrx_word' id='word_1_143' title='bbox 117 3628 226 3694; x_wconf 90' lang='lat' dir='ltr'>neque</span> <span class='ocrx_word' id='word_1_144' title='bbox 257 3628 333 3673; x_wconf 91' lang='lat' dir='ltr'>oum</span> <span class='ocrx_word' id='word_1_145' title='bbox 363 3609 419 3674; x_wconf 92' lang='lat' dir='ltr'>illa</span> <span class='ocrx_word' id='word_1_146' title='bbox 449 3610 516 3675; x_wconf 79' lang='lat' dir='ltr'>uilo</span> <span class='ocrx_word' id='word_1_147' title='bbox 539 3561 713 3676; x_wconf 80' lang='lat' dir='ltr'>cohaerent</span> <span class='ocrx_word' id='word_1_148' title='bbox 733 3611 872 3676; x_wconf 78' lang='lat' dir='ltr'>vinonio.</span> <span class='ocrx_word' id='word_1_149' title='bbox 898 3610 961 3689; x_wconf 80' lang='lat' dir='ltr'>Qui</span> <span class='ocrx_word' id='word_1_150' title='bbox 986 3633 1089 3698; x_wconf 90' lang='lat' dir='ltr'>quum</span> <span class='ocrx_word' id='word_1_151' title='bbox 1112 3616 1148 3679; x_wconf 94' lang='lat' dir='ltr'>in</span> 
     </span>
     <span class='ocr_line' id='line_1_26' title="bbox 116 3723 989 3812; baseline 0.005 -24"><span class='ocrx_word' id='word_1_152' title='bbox 116 3723 156 3789; x_wconf 90' lang='lat' dir='ltr'>V.</span> <span class='ocrx_word' id='word_1_153' title='bbox 179 3743 246 3789; x_wconf 91' lang='lat' dir='ltr'>non</span> <span class='ocrx_word' id='word_1_154' title='bbox 269 3724 420 3809; x_wconf 82' lang='lat' dir='ltr'>legantur</span> <span class='ocrx_word' id='word_1_155' title='bbox 442 3745 462 3790; x_wconf 88' lang='lat' dir='ltr'>a</span> <span class='ocrx_word' id='word_1_156' title='bbox 483 3724 630 3791; x_wconf 86' lang='lat' dir='ltr'>Phaedro</span> <span class='ocrx_word' id='word_1_157' title='bbox 651 3724 755 3792; x_wconf 81' lang='lat' dir='ltr'>fartos</span> <span class='ocrx_word' id='word_1_158' title='bbox 778 3745 844 3790; x_wconf 94' lang='lat' dir='ltr'>non</span> <span class='ocrx_word' id='word_1_159' title='bbox 868 3727 989 3812; x_wconf 91' lang='lat' dir='ltr'>opinor.</span> 
     </span>
    </p>
   </div>
   <div class='ocr_carea' id='block_1_11' title="bbox 0 0 1343 4290">
    <p class='ocr_par' dir='ltr' id='par_1_14' title="bbox 0 0 1343 4290">
     <span class='ocr_line' id='line_1_27' title="bbox 0 0 1343 4290; baseline 0 0"><span class='ocrx_word' id='word_1_160' title='bbox 0 0 1343 4290; x_wconf 95' lang='lat' dir='ltr'> </span> 
     </span>
    </p>
   </div>
  </div>
 </body>
</html>
