2676 4290
638 327 702 392 103

100 509 123 594 [,
154 511 209 594 10,
229 512 258 575 5.
278 509 414 595 negabat
423 511 479 576 illa
492 530 527 578 sc
538 532 609 578 esse
621 516 688 580 cul·
777 517 855 582 haec
874 518 1009 602 negabat
1021 537 1131 584 senon
1144 521 1230 604 (sict)

342 644 401 711 pac
423 628 611 711 proximam.
775 650 846 698 csse
867 651 964 698 ream.

100 739 125 825 [,
157 741 187 825 9,
211 741 240 806 8.
262 741 355 827 lepus
368 743 587 808 semianimus:
601 763 685 809 mor·
817 746 861 813 Et
883 748 1010 832 aquila:
1036 748 1195 815 solatium.

342 857 384 920 tis
407 874 449 921 cn
471 856 638 923 solatium!
1304 844 1308 851 Α

264 970 321 1051 (sic
341 969 492 1036 Sanadon
513 991 571 1057 pro
593 973 628 1038 ic
650 974 820 1058 solatium).

203 1195 274 1282 Sed,
304 1199 428 1263 utiam
450 1217 493 1264 cx
516 1199 630 1266 ultimo
653 1206 783 1287 apparet
805 1204 953 1288 exemplo
975 1223 1041 1268 non
1065 1203 1183 1290 dignus

154 1311 218 1375 iste
251 1314 299 1376 est
331 1311 513 1397 homuncio,
545 1316 602 1399 qui
637 1315 795 1401 audiatur,
826 1318 885 1402 qui
914 1317 1040 1402 aquilae
1062 1317 1184 1383 tu'buat

154 1424 271 1489 verba:
295 1428 408 1492 mortis
430 1446 471 1492 en
494 1429 654 1495 solatium.
679 1427 765 1506 Quid
787 1449 864 1496 vero
887 1430 943 1496 illo
967 1432 1073 1516 stipite
1084 1431 1182 1497 facias

156 1541 216 1622 qui
238 1538 320 1604 hanc
342 1539 484 1606 fabulam
508 1544 555 1608 sic
577 1562 707 1609 narrare
725 1545 873 1629 incipiat:
894 1563 1074 1629 oppressam
1091 1544 1183 1632 aqui·

155 1652 222 1716 lom
245 1657 275 1717 et
293 1652 388 1732 fletus
411 1654 829 1740 dootcmtcpusobiwrpobot
833 1676 1005 1738 passerem.
1017 1657 1182 1724 Incertum

154 1770 262 1831 autem
298 1772 346 1832 est
378 1771 489 1832 utrum
518 1770 588 1852 ipse
618 1769 805 1854 compilator
835 1771 1017 1836 istiusmodi
1044 1772 1181 1856 ineptias

154 1881 319 1965 scripserit
341 1902 384 1946 an
406 1883 501 1947 etiam
525 1888 642 1949 nactus
665 1885 707 1948 sit
730 1885 787 1969 qui
809 1885 917 1970 ipsum
940 1884 1132 1951 describeret
1150 1889 1182 1951 ct

153 1996 249 2058 novis
271 1995 518 2061 commacularet
540 1997 638 2062 vitiis.

199 2108 304 2175 Venio
329 2128 418 2175 nunc
441 2110 481 2174 ad
502 2111 759 2178 emendationem
778 2131 872 2196 saepe
892 2113 1054 2178 laudatam
1065 2132 1182 2199 neque,

153 2240 207 2287 me
235 2223 351 2308 iudice,
377 2204 474 2289 laude
497 2225 673 2309 indignam,
694 2226 827 2291 minime
849 2229 958 2291 temen
982 2225 1180 2312 probabilem

153 2336 275 2401 nedum
303 2339 525 2402 necessariam.
556 2337 679 2403 Fabula
705 2338 731 2423 Ι,
756 2340 775 2402 5
802 2340 853 2404 leo
876 2340 1013 2424 praedae
1035 2339 1180 2424 partibus

154 2448 247 2514 iactis
271 2451 317 2516 sic
341 2451 444 2516 socios
467 2451 658 2536 alloquitur:

288 2658 346 2724 ego
369 2640 503 2723 primam
526 2640 603 2705 tollo
626 2640 776 2704 nominor
799 2641 952 2724 quoniam
974 2640 1034 2726 leo,

287 2752 472 2837 secundam,
489 2755 572 2838 ⁴quia
594 2772 667 2818 sum
690 2751 793 2838 fortis,
816 2752 965 2819 tribuetis
988 2754 1076 2839 mibi,

286 2873 356 2931 tum
380 2868 457 2953 quia
480 2867 554 2952 plus
578 2869 669 2933 valeo
692 2887 744 2933 me
767 2871 921 2953 sequetur
942 2869 1045 2952 tertia,

287 2982 370 3047 malo
393 2982 550 3047 afficietur
573 2983 601 3046 si
624 2985 698 3067 quis
723 2986 868 3067 quartam
892 2984 1039 3067 tetigerit

195 3147 259 3212 Pro
282 3147 379 3231 fortis
401 3152 509 3213 autem
528 3136 704 3214 Withofius
722 3149 857 3212 coniecit
874 3147 990 3212 socius:
1011 3149 1177 3232 ingeniosa

152 3281 230 3327 sane
260 3263 444 3327 coniectura
476 3266 507 3326 et
535 3263 631 3347 plena
653 3263 842 3346 venustatis,
864 3281 940 3326 nam
962 3262 1086 3327 leonem
1111 3281 1177 3327 non

152 3377 299 3440 omittere
329 3381 555 3460 argumentum
578 3375 712 3439 unicum
739 3375 826 3460 quod
848 3375 920 3439 iure
942 3374 1054 3439 afferre
1078 3376 1179 3459 possit

151 3494 404 3554 consentaneum
436 3493 500 3570 est;
529 3490 637 3552 minus
660 3492 754 3572 recte,
778 3491 863 3552 certe
886 3489 994 3553 minus
1017 3487 1177 3572 eleganter

150 3604 239 3668 istud
265 3604 361 3686 „quia
384 3622 456 3666 sum
479 3600 592 3667 fortis”
617 3603 735 3686 enoipit
761 3607 850 3684 „tum
873 3603 950 3685 quia
968 3600 1043 3686 plus
1055 3600 1175 3684 valeo'’,

151 3716 238 3799 quod
272 3715 339 3780 fere
372 3716 457 3780 idem
492 3719 548 3780 est.
583 3714 702 3780 Tamen
735 3734 770 3779 re
806 3714 888 3780 bene
923 3715 1088 3800 explorata
1118 3717 1174 3780 vix
