2676 4290
587 300 629 364 47

99 487 157 553 sed
179 489 345 573 antiquam
367 486 461 552 nobis
483 485 626 552 fabulam
644 488 800 572 integram
820 487 976 568 servavit3
989 486 1119 552 decane

99 603 188 668 enim
220 607 330 668 narrat
362 621 429 667 non
465 602 571 667 solum
601 601 689 668 fideli
720 602 777 667 sed
811 606 843 668 et
876 601 1034 687 prudenti,
1066 601 1123 685 qui

99 721 231 801 propter
242 735 392 803 praesens
403 735 605 801 parvumque
615 716 744 782 lucrum
756 733 845 802 spem
856 715 958 781 futuri
970 714 1124 800 proiicere

100 833 190 897 nolit
213 831 291 898 Puri
314 834 400 897 enim
422 832 610 917 respondet:
638 850 708 915 „me
729 850 787 916 pro
809 850 845 897 re
864 831 986 896 domini
1009 830 1125 894 latrare

100 965 168 1010 non
201 947 269 1027 vis3
304 949 337 1010 at
368 965 434 1010 non
465 946 573 1010 minus
603 963 675 1010 mea
704 964 802 1030 quam
834 943 956 1008 domini
979 941 1124 1007 custodio

101 1058 195 1143 bona,
227 1060 394 1125 dominum
428 1061 514 1125 enim
549 1061 577 1125 si
611 1060 753 1145 prodam,
786 1058 910 1143 tibique
939 1057 1025 1122 bona
1054 1058 1125 1122 eins

102 1173 229 1239 anferre
254 1175 444 1258 permittam,
466 1173 553 1238 unde
575 1192 634 1258 ego
657 1175 779 1238 vietum
802 1171 957 1237 habebo.''
979 1169 1032 1236 Ab
1055 1173 1125 1255 ipso

101 1291 211 1352 autem
244 1285 382 1352 Romulo
424 1286 562 1352 Phaedri
598 1286 741 1351 fabulam
771 1284 987 1370 imperfectam
1021 1301 1125 1368 eoque

100 1401 244 1485 ineptam
263 1404 328 1465 tam
351 1398 433 1466 bene
450 1399 718 1485 esse-suppletam
736 1403 774 1464 ut
785 1398 866 1463 nihil
877 1398 1010 1482 deesset,
1020 1415 1128 1485 nemo,

98 1523 139 1584 nt
161 1520 284 1604 opinor,
307 1519 455 1585 coniiciet
465 1522 498 1601 1).

140 1631 284 1701 ,Fabulae
313 1633 386 1698 illas
417 1633 558 1718 triginta,
582 1633 721 1717 quaein
745 1630 813 1697 sola
835 1631 959 1697 Perotti
980 1634 1127 1715 prostant

99 1746 306 1832 Anthologia,
336 1746 474 1812 Phaedri
496 1766 567 1813 esse
590 1751 622 1812 et
644 1746 739 1810 multi
761 1747 824 1810 viri
847 1746 932 1811 docti
955 1748 1128 1811 senserimt

99 1864 134 1926 et
166 1861 292 1946 egregie
323 1861 552 1927 demonstravit
576 1858 740 1926 Lucienus
769 1858 885 1925 Miiller
916 1859 967 1942 (de
989 1856 1127 1923 Phaedri

100 1978 135 2039 et
157 1973 277 2039 Aviani
298 1974 416 2041 fabulis
439 1996 469 2060 p.
495 1976 534 2038 11
559 1977 640 2060 sqq).
663 1975 783 2041 Earum
806 1976 910 2060 prima
931 1974 1009 2040 haec
1031 1976 1096 2040 est:

236 2125 367 2210 vulpem
389 2125 522 2210 rogabat
544 2130 667 2211 partem
691 2127 811 2192 caudae
834 2126 947 2191 simius

192 2243 358 2324 contegere
380 2240 513 2305 honeste
535 2244 644 2325 posset
666 2245 702 2304 ut
726 2241 832 2305 nudas
854 2244 953 2306 nates.

133 2470 164 2538 1)
189 2471 318 2539 Aesopum
340 2474 464 2525 Latinum
483 2475 530 2540 (sic
546 2476 617 2526 enim
636 2475 803 2540 appellandus
821 2476 907 2542 potius
923 2490 1005 2541 quam
1021 2474 1128 2544 Anony-

101 2577 164 2616 mus
188 2563 323 2632 Nevelati),
345 2565 463 2630 impense
478 2566 593 2618 laudavit
609 2565 728 2634 Saetiger,
744 2567 928 2619 contumeliosa
945 2567 1129 2632 vituperarent

103 2656 247 2709 Dashillons
263 2663 290 2710 at
306 2658 393 2710 Furia.
409 2658 468 2710 Non
482 2664 530 2725 est,
548 2665 580 2711 ut
593 2660 692 2726 opinor,
707 2661 777 2712 inter
793 2661 841 2713 hos
856 2662 925 2713 viros
941 2660 1053 2713 difficilis
1060 2663 1129 2728 optio

102 2762 183 2814 quem
197 2753 329 2801 auctorem
343 2752 467 2816 sequaris.
476 2751 545 2802 Nam
554 2753 774 2819 elegantissimum
783 2768 907 2805 versuum
915 2753 1042 2806 artificem
1050 2755 1130 2807 fuisse

104 2851 265 2906 anonymum
283 2841 359 2892 illum
376 2842 467 2907 quavis
483 2843 576 2910 pagina
593 2849 711 2909 apparet;
730 2844 773 2896 sed
791 2846 876 2897 nescio
891 2861 926 2898 au
944 2846 1030 2899 fabula
1047 2861 1128 2912 mam

103 2929 136 2981 de
151 2929 201 2982 hoc
217 2937 370 2998 argumento
383 2931 443 2984 iecit
456 2935 547 2985 ceteris
561 2931 683 2986 omnibus
699 2936 812 3001 palmam
821 2938 967 3003 praeripiat.
981 2937 1049 2998 Quid
1057 2939 1129 2990 enim

103 3023 240 3075 venustius
256 3025 327 3076 hisce
343 3025 477 3078 vementis
493 3027 599 3094 cogitari
615 3030 713 3093 potest:

206 3139 266 3192 Fert
283 3155 382 3193 munus
400 3157 458 3194 mea
473 3144 568 3195 damna
584 3150 671 3211 tuum,
688 3146 752 3198 latet
769 3147 865 3198 hamus
886 3147 915 3198 in
931 3161 988 3199 esea

236 3246 281 3284 me
296 3233 400 3300 privare
416 3235 472 3287 cibo
489 3237 583 3303 cogitat
597 3237 646 3289 iste
664 3237 745 3291 dhus.

205 3321 265 3375 Non
281 3326 364 3391 rapiat
381 3342 432 3377 nox
449 3342 503 3379 nna
519 3329 586 3379 mihi
602 3328 670 3381 bona
687 3331 759 3382 mille
773 3331 883 3397 dierum,

238 3417 297 3468 nolo
315 3432 416 3484 semper
432 3435 509 3486 egens
525 3435 580 3472 esse
594 3423 726 3488 semelque
741 3428 822 3476 satur.

139 3530 284 3585 Dolendum
300 3537 423 3601 estquod
441 3536 588 3604 Lessingius
605 3539 701 3605 quihus
718 3539 878 3607 argumentis
887 3538 1028 3592 barbarum
1035 3555 1099 3593 eum
1105 3546 1132 3594 et

102 3623 224 3689 ineptum
243 3626 377 3679 hominem
393 3629 473 3680 fuisse
489 3630 620 3682 censuerit
636 3631 775 3682 nescimus.
794 3631 999 3697 Disputationem
1014 3633 1086 3685 enim
1100 3633 1132 3685 de

102 3729 134 3766 ao
153 3715 370 3787 <woldenbi1ttel‚
388 3719 498 3788 Beytrag
514 3720 542 3788 5)
560 3721 738 3788 imperfectam
754 3723 867 3789 reliquit
