2676 4290
646 293 690 355 42

203 476 297 554 Quod
338 482 450 544 autum
494 477 638 545 Narcissi
671 479 820 543 lacrimae
854 476 1026 542 effecerunt
1060 481 1188 561 quanto

159 593 261 676 magis
290 592 324 656 id
354 593 494 658 natantis
524 595 613 658 canis
643 592 740 677 pedes
766 590 891 657 efficere
921 589 1073 656 censendi
1098 595 1185 656 sunt

156 703 227 770 Iam
256 706 347 771 vides
377 705 464 791 quod
491 705 575 771 illud
605 705 742 770 Phaedri
773 723 918 771 errorum
939 722 1043 789 genus
1065 705 1120 787 sit,
1143 704 1186 770 de

158 838 223 904 quo
241 818 336 884 modo
356 818 515 885 dicebam:
537 819 711 884 dummodo
731 820 855 884 iustum
873 817 1005 903 impleat
1017 818 1186 883 senarium

156 931 191 997 id
222 932 309 1017 quod
339 932 416 998 olim
445 936 531 998 recte
559 937 591 997 et
613 936 746 999 naturae
768 933 994 998 convenienter
1014 936 1184 997 narratum

156 1049 204 1112 est
226 1065 359 1132 prorsus
378 1065 582 1132 corrumpere
601 1065 668 1111 non
686 1050 831 1128 veretum
851 1045 904 1110 rel
918 1046 1026 1130 potius
1037 1063 1186 1111 corrum-

154 1178 231 1245 pere
266 1178 301 1226 se
333 1178 400 1225 non
435 1162 540 1226 sentit
568 1158 650 1225 Turn
681 1161 767 1225 enim
798 1159 928 1224 demum
951 1156 1079 1242 probari
1102 1158 1185 1224 haec

155 1271 265 1337 fabula
293 1277 398 1358 potest
424 1293 525 1358 quum
548 1275 637 1339 canis
657 1273 775 1338 dicitur
796 1273 830 1337 in
853 1271 998 1337 fluminis
1020 1272 1091 1356 ripa
1114 1292 1185 1337 am-

154 1384 284 1451 bulasse
306 1385 359 1451 vel
381 1386 500 1453 flumen
524 1391 621 1472 ponte
642 1387 817 1453 transiisse.
841 1385 911 1451 Iam
935 1390 1091 1471 quantum
1117 1388 1184 1451 uti-

153 1497 252 1564 litatis
283 1496 443 1585 Lessingii
473 1498 652 1565 observatio
682 1500 806 1585 habeat,
833 1519 932 1585 quam
960 1501 1184 1565 necessarium

155 1613 197 1678 sit
220 1631 291 1679 eam
312 1614 347 1677 in
370 1613 516 1679 Phaedro
538 1613 672 1699 legendo
696 1613 951 1699 explicandaque
968 1631 1093 1698 semper
1105 1618 1184 1681 ante

154 1726 265 1791 oculos
287 1725 405 1792 habere
427 1746 505 1792 mox
527 1727 716 1811 videbimus,
736 1732 767 1793 et
784 1746 916 1812 possum
935 1727 1001 1793 iam
1018 1727 1183 1812 adipsum

153 1837 359 1933 Lessingium
389 1841 541 1905 lectorem
565 1841 723 1926 relegare3
745 1840 834 1905 illius
857 1841 943 1906 enim
966 1842 1084 1926 scripta
1105 1860 1181 1927 per·

153 1953 283 2018 volvere
312 1972 482 2037 nunquam
511 1952 632 2038 pigebit
657 1952 878 2039 poenitebitve.
902 1952 965 2019 Sed
987 1972 1086 2018 unam
1108 1973 1182 2020 rem

153 2064 278 2150 addam,
314 2085 397 2151 quae
433 2066 473 2130 ad
502 2064 662 2152 Lessingii
691 2068 996 2152 praestantissimam
1020 2066 1182 2134 diatriben

152 2177 364 2263 supplendam
387 2179 632 2264 augendamque
655 2180 792 2246 alicuius
814 2181 909 2265 pretii
932 2180 1087 2245 videatur.

195 2292 368 2358 Exstitisse
399 2293 477 2358 olim
507 2293 736 2379 lepidissimam
769 2295 809 2360 de
830 2283 890 2359 ore
911 2294 1082 2359 calumniis
1104 2313 1180 2379 pes-

153 2409 300 2475 sumdata
327 2408 471 2474 fabulam
499 2410 655 2495 illamque
680 2409 765 2495 apud
788 2409 969 2474 Phaedrum
994 2413 1181 2494 corruptam

150 2522 215 2608 legi
244 2541 343 2607 supra
370 2521 501 2587 Romuli
529 2541 588 2607 ope
610 2522 834 2589 demonstravi.
857 2522 1045 2608 Suspicatus
1067 2527 1180 2590 autem

152 2655 226 2702 sum
249 2635 396 2701 consulto
419 2654 490 2701 eam
512 2635 694 2702 Phaedrum
717 2638 906 2721 corrupisse,
930 2655 994 2721 quo
1012 2638 1115 2721 magis
1134 2638 1181 2702 ad

150 2749 285 2815 iniurias
310 2747 430 2834 quibus
448 2751 518 2835 ipse
537 2754 621 2816 esset
638 2749 770 2816 affectus
789 2750 901 2815 referri
919 2753 1035 2835 posset
1056 2748 1179 2817 levem

151 2880 221 2927 earn
252 2879 323 2928 esse
352 2863 568 2928 coniecturam
598 2861 697 2948 probe
720 2865 786 2928 seio
809 2881 986 2949 vereorque
1008 2882 1050 2929 ne
1071 2881 1114 2928 ex
1136 2882 1180 2930 ea

150 2977 185 3040 in
209 2994 261 3042 me
282 2979 433 3040 nascatur
457 2976 579 3041 crimen
597 2977 702 3060 turpis
713 2976 929 3061 ignorantiam
942 2976 1076 3042 videbor
1087 2977 1178 3043 enirn

150 3090 275 3156 nescire
304 3089 398 3155 editis
430 3089 557 3156 demum
586 3092 690 3175 primo
713 3090 919 3174 secundoque
941 3088 1024 3155 libro
1045 3090 1178 3158 iniuriis

151 3202 300 3268 affectum
323 3222 394 3270 esse
413 3203 605 3288 Phaedrum,
628 3223 703 3289 ergo
726 3203 808 3268 libro
829 3204 932 3288 primo
956 3204 996 3271 de
1018 3204 1059 3269 iis
1082 3207 1179 3289 queri

149 3316 296 3383 nondum
314 3319 467 3403 potuisse.
487 3316 676 3383 Communis
695 3318 775 3383 haee
790 3318 994 3383 estrirorum
1006 3318 1176 3384 doctorum

150 3432 268 3516 opinio,
287 3433 346 3516 qui
363 3432 492 3497 illarum
514 3432 678 3516 escriptis
689 3431 827 3497 Phaedri
837 3436 986 3517 repetunt
997 3433 1175 3517 originem3

151 3566 248 3631 quam
282 3545 426 3612 refellere
457 3564 524 3610 non
557 3544 696 3611 conabor
730 3547 883 3631 quoniam
909 3545 1005 3645 ⁸haud
1034 3547 1178 3631 ineptam

149 3680 254 3727 meam
287 3679 358 3728 esse
392 3662 609 3729 coniecturam
639 3661 717 3727 satis
747 3662 813 3728 iam
838 3661 1072 3728 demonstrasse
1094 3662 1177 3728 mihi
