2676 4290
593 311 636 374 29

102 495 272 562 Musarum
302 497 409 563 solum
439 502 536 563 natus
559 517 642 581 sum,
665 500 772 563 tamen
796 515 889 583 aegre
913 501 945 563 et
965 495 1131 563 fastidiose

101 609 136 673 in
160 608 325 676 Musaram
349 614 476 676 coetum
499 609 665 696 reeipi0r”‚
685 611 897 676 verecundiae
917 610 1022 696 speeie
1043 629 1130 675 arre-

102 725 246 809 gantiam
274 727 373 790 omat
396 724 475 791 Post
498 724 581 790 hane
603 724 644 790 ad
666 723 852 807 Eutychum
876 724 1128 790 adhortationem

103 839 252 923 sequitur
276 838 411 905 diatriba
433 839 473 905 de
494 838 622 905 fabulae
646 839 778 924 origine.
805 836 995 924 „Aesopus”
1018 840 1063 903 ait

238 1001 315 1084 quia
337 1019 421 1086 quae
443 998 570 1065 volebat
592 1019 659 1064 non
683 999 820 1065 audebat
848 999 953 1065 dicere

237 1112 369 1179 effeetus
391 1115 537 1198 proprios
559 1114 594 1177 in
617 1111 749 1179 fabellas
772 1111 966 1178 transtulit’'

102 1285 291 1354 Rectissime
321 1289 406 1354 enim
429 1287 552 1355 Harius
575 1288 731 1374 (Epistola
754 1288 881 1372 eritrea)
905 1287 1053 1355 observat
1075 1307 1131 1353 vo·

101 1401 226 1468 sabulis
249 1404 381 1467 servitus
402 1401 532 1468 abnouae
554 1402 674 1487 Aesopi
698 1401 872 1487 significari
897 1403 1084 1469 servitutem
1097 1403 1129 1485 1).

104 1514 246 1599 „Similis
265 1535 318 1583 me
337 1521 443 1583 metus
462 1517 574 1583 eodem
587 1517 764 1601 utigenere
775 1517 871 1601 cogit,
882 1534 998 1581 verum
1008 1515 1131 1600 Aesopi

593 1680 739 1744 semitam
761 1677 823 1744 faoi
846 1679 930 1742 viam

238 1795 270 1857 et
291 1792 429 1877 eogitari
452 1791 545 1877 plura
570 1811 667 1876 quam
690 1788 893 1876 reliquerat”

148 1965 210 2034 His
245 1972 352 2033 autem
388 1967 535 2032 versibus
561 1986 628 2031 non
658 1965 747 2031 solus
771 1965 885 2031 tertius
908 1963 990 2029 liber
1012 1963 1129 2048 respioi

102 2080 232 2148 videtur
263 2082 320 2148 sed
344 2082 442 2148 simul
465 2086 496 2147 et
519 2081 691 2147 seeundus.
715 2079 836 2145 Parum
860 2079 947 2145 enim
968 2077 1132 2164 probabile

102 2201 152 2263 est
175 2201 264 2262 tanto
286 2197 473 2281 ampliorem
500 2195 576 2261 olim
598 2195 700 2260 fuisse
724 2214 822 2279 quam
843 2212 932 2258 nuno
952 2197 1000 2258 est
1011 2192 1130 2257 librum

101 2312 234 2376 tertium
266 2315 302 2376 ut
329 2311 365 2374 in
394 2328 432 2376 eo
463 2328 529 2374 uno
552 2309 662 2394 plures
684 2309 825 2372 inessent
847 2305 975 2372 fabulae
997 2305 1037 2370 ab
1060 2306 1131 2391 ipso

102 2423 248 2489 Phaedro
270 2424 421 2489 inventae
444 2443 541 2508 quam
562 2442 643 2508 quas
661 2424 724 2487 iam
738 2420 778 2486 ab
790 2420 918 2506 Aesopo
931 2422 1131 2506 sumpsisset

147 2537 254 2604 Causa
282 2542 390 2603 autem
414 2556 472 2602 our
493 2538 615 2621 Aesopi
639 2535 822 2620 exemplum
846 2535 965 2599 imitari
988 2553 1023 2599 se
1046 2533 1131 2598 dieat

101 2656 195 2738 poeta
228 2657 277 2718 est
311 2651 398 2737 quod
432 2655 464 2716 et
496 2651 566 2735 ipse
598 2654 681 2715 tecte
715 2649 754 2714 de
789 2649 858 2713 suis
894 2647 1132 2713 calamitatibus

102 2767 193 2851 loqui
216 2766 294 2832 velit

234 2927 273 2992 In
298 2928 510 2992 calamitatem
535 2926 692 3011 quaedam
714 2924 855 3009 deligens
879 2943 996 2990 meam.

148 3102 310 3167 Videntur
339 3102 389 3166 his
421 3101 527 3166 verbis
556 3103 745 3185 praesertim
776 3101 874 3164 huius
905 3098 980 3163 libri
1002 3096 1130 3162 fabulae

104 3216 262 3302 quaedam
285 3215 437 3296 indicari;
466 3218 552 3280 reete
574 3216 660 3279 enim
684 3213 852 3279 Bentleius
875 3212 915 3277 ad
938 3230 1066 3277 carmen
1090 3210 1130 3277 ad

102 3329 342 3395 Partietdonem
384 3333 532 3400 annotat:
579 3327 722 3413 „prologi
756 3327 831 3392 lieet
864 3327 956 3391 initio
991 3325 1130 3410 veniant,

135 3603 164 3670 1>
190 3603 221 3656 V.
244 3618 311 3670 quae
330 3603 361 3656 de
378 3603 476 3668 Aesopo
493 3607 602 3654 narrant
618 3601 701 3654 Schel.
720 3601 797 3653 Arist.
816 3600 891 3665 Vesp.
908 3597 975 3652 1446
992 3604 1018 3653 et
1035 3598 1128 3653 Suidua

102 3712 126 3748 v.
147 3694 257 3755 Alcanor
275 3701 303 3748 et
318 3696 348 3749 ci.
366 3695 413 3747 lul
433 3693 504 3747 Orat.
520 3694 577 3760 VII,
594 3709 620 3760 p.
636 3691 687 3745 388
706 3690 787 3759 (207).
