2676 4290
650 342 691 406 93

155 523 316 608 philologo
347 525 483 610 dignum
513 531 570 610 est,
593 546 611 592 6
634 529 789 593 memoria
811 527 899 592 huuc
924 528 1034 592 locum
1058 529 1189 593 citasset

155 634 331 721 BentleiuS,
351 637 402 702 vel
426 638 539 703 saltem
561 658 604 704 ex
625 641 696 725 ipso
721 639 884 723 Cicerone,
906 659 974 704 non
994 660 1012 706 6
1035 638 1189 725 Stephani

156 751 307 816 thesauro
341 771 418 817 eum
451 755 624 837 petivisset,
658 755 727 840 ipse
762 756 895 820 vidisset
928 774 1002 820 eum
1034 755 1116 819 nihil
1148 755 1188 820 ad

157 862 295 928 Phaedri
321 883 451 930 versum
475 864 587 931 facere.
608 866 799 933 Rectissime
822 869 907 933 anim
931 866 1053 932 Harius
1079 867 1189 932 obser-

158 982 228 1042 vat:
262 977 345 1060 ,Hic
376 979 415 1044 de
438 980 580 1044 maxima
601 999 637 1045 re
660 982 777 1066 agitur,
799 985 832 1047 61
855 985 964 1046 tamen
987 980 1098 1046 Cicero
1121 1001 1188 1045 non

158 1090 242 1155 dixit
264 1089 363 1173 fatali
391 1097 503 1156 eventu
524 1092 680 1172 absolute,
706 1094 762 1160 sed
784 1093 879 1179 quusi
900 1093 999 1177 fatali
1018 1098 1136 1178 eventu,
1155 1094 1189 1158 id

156 1209 205 1269 est
228 1205 322 1289 quasi
344 1206 388 1270 ita
410 1204 548 1271 fatorum
568 1207 694 1291 legibus
717 1211 875 1273 statutum
898 1213 991 1273 esset.
1016 1207 1188 1273 Praeterea

156 1328 281 1387 eventus
312 1325 343 1386 et
372 1325 513 1386 eventum
536 1339 602 1385 non
625 1341 758 1405 prorsus
782 1322 867 1386 idem
891 1326 978 1405 sunt,
1003 1341 1078 1386 cum
1102 1341 1189 1386 ουονν-

155 1439 223 1499 ίανα
255 1437 297 1501 sit
326 1438 397 1522 ipsa
425 1455 478 1500 res
502 1455 585 1521 quae
608 1437 724 1519 evenit,
746 1442 871 1500 coeatur
893 1440 1003 1501 autem
1025 1437 1081 1519 rei,
1105 1453 1189 1519 qnae

155 1551 271 1632 evenit,
301 1551 418 1615 exitus.
450 1548 550 1614 Vides
574 1570 670 1633 quam
693 1569 808 1634 parum
832 1549 885 1613 hic
909 1548 1072 1613 Ciceronis
1095 1549 1189 1614 locus

155 1661 197 1725 ad
226 1661 408 1727 Phaedrum
437 1662 541 1746 faciat,
571 1667 603 1727 et
633 1682 731 1745 quam
754 1668 875 1728 temere
899 1681 992 1727 suam
1015 1661 1189 1746 interpola-

155 1775 275 1839 tionem
310 1795 368 1860 pro
400 1776 565 1860 ipsissima
601 1775 735 1846 Phaedri
770 1795 870 1841 manu
900 1777 951 1841 vir
980 1774 1186 1840 doctissimus

156 1887 320 1972 reponat”

200 2001 250 2067 Ita
283 2008 391 2068 autem
424 2022 525 2087 quum
556 2022 608 2068 res
639 2020 674 2068 se
703 2001 820 2068 habeat
843 2022 910 2069 non
932 2007 981 2069 ast
1003 2002 1188 2068 mirandum

152 2115 261 2200 ipsum
293 2114 473 2180 Lucianum
497 2115 623 2200 Miiller,
644 2117 700 2201 qui
722 2116 862 2181 Bentleii
886 2135 1015 2202 operam
1039 2115 1186 2181 Phaedro

153 2228 330 2294 adhibitam
353 2234 417 2294 tam
441 2229 558 2312 laudet,
580 2248 700 2315 paucas
722 2234 829 2294 tamen
853 2230 923 2295 eius
944 2229 1185 2295 emendationes

152 2344 189 2406 in
223 2347 348 2408 textum
382 2345 548 2428 recepisse.
587 2343 673 2420 Quid
707 2343 803 2429 quod,
840 2363 890 2409 me
926 2344 1039 2410 saltem
1068 2344 1186 2428 iudice,

152 2457 426 2542 prudentissimus
451 2458 507 2524 ille
530 2459 800 2543 doctissimusque
824 2477 938 2523 censor
961 2460 1045 2524 inter
1068 2478 1188 2543 paucas

152 2571 225 2638 illas
256 2594 354 2638 unam
386 2574 583 2660 alteramque
610 2573 739 2640 admisit
762 2592 846 2658 quae
869 2573 1001 2639 minime
1025 2578 1111 2639 certa
1137 2575 1189 2639 sit.

198 2685 258 2773 nu
283 2688 334 2772 15,
359 2689 387 2752 5.

242 2861 327 2929 Dein
348 2866 454 2949 portat
477 2882 560 2928 onus
582 2863 731 2948 ignotum
754 2863 850 2928 certis
873 2860 1042 2927 mensibus

196 3025 364 3094 Bentleins
405 3048 463 3114 pro
505 3028 648 3114 ipaotum
687 3028 752 3112 legi
784 3024 875 3091 iubet
910 3025 1088 3108 improlem,
1122 3022 1189 3088 dic·
1224 3003 1227 3009 ¹

152 3145 251 3226 toque
273 3142 408 3206 audiens
428 3143 459 3206 ei
477 3140 637 3207 Miillerus
657 3145 715 3207 ast.
735 3137 827 3205 Certe
838 3139 1011 3204 venustius
1023 3137 1188 3220 inoratam

154 3275 253 3340 quam
285 3255 442 3339 epactam
480 3256 537 3321 sad
567 3259 635 3320 tota
664 3254 774 3319 fabula
796 3253 901 3318 omnis
925 3251 1107 3317 venustatis
1130 3268 1193 3315 ex-·

153 3388 227 3454 pers
250 3374 306 3435 est.
331 3367 453 3446 Quidni
475 3369 545 3434 eius
568 3373 694 3454 potitam
713 3368 799 3433 idem
819 3367 886 3432 fere
899 3365 1004 3431 dicere
1017 3348 1188 3430 enodamus

154 3482 243 3567 quod
272 3480 465 3568 Xenophon,
497 3484 633 3567 scriptor
664 3481 797 3546 minima
827 3482 957 3565 ineptus
982 3480 1059 3545 dicit
1082 3478 1188 3560 (Mem.

154 3596 197 3682 H,
221 3599 251 3681 2,
276 3598 323 3680 5):
350 3596 367 3670 ἡ
392 3592 423 3660 δὲ
445 3594 520 3675 γυνὴ
543 3590 747 3673 ὑποδεξαμένη
772 3618 806 3658 τε
826 3591 906 3677 φέρει
918 3593 951 3659 τὸ
963 3591 1079 3676 φορτίον
1091 3595 1187 3666 τοῦτο,

154 3708 338 3794 βαρυνομένη
370 3703 404 3776 ta
435 3708 488 3776 καὶ
512 3707 714 3776 κινδυνεύουσα
735 3706 799 3793 περὶ
822 3712 874 3775 τοῦ
897 3707 963 3788 βίον
986 3705 1039 3774 καὶ
1062 3705 1188 3788 μεταδο-
