2676 4290
715 361 757 425 70

260 548 334 615 Vss.
362 550 405 613 42
430 569 477 634 sq.
500 549 557 635 qai
575 554 741 631 postquam
765 586 808 596 —
830 548 969 633 repperit
991 583 1036 598 —
1056 549 1093 613 in
1117 550 1187 615 eod.
1212 549 1253 614 V.

215 683 282 727 non
301 663 464 747 leguntur,
486 682 594 747 neque
616 665 800 747 quisquam,
822 666 860 728 ut
884 663 1008 748 opinor,
1029 662 1134 728 lector
1157 681 1255 749 aegro

216 796 270 842 eos
305 776 506 843 desiderabit
542 775 698 854 Quamvis
733 763 819 841 euim
854 775 993 842 absurda
1024 778 1067 842 sit
1097 779 1254 862 narratio,

215 891 382 975 aliquanto
414 891 510 955 etiam
541 889 607 956 illis
637 889 756 955 additis
785 889 823 955 fit
845 889 1025 954 absurdior.
1049 887 1138 966 Quid
1162 893 1254 956 enim

214 1002 367 1088 indagare
399 1005 507 1088 potuit
541 1003 737 1088 Augustus?
773 1002 970 1068 Veritatisne
1004 1002 1152 1069 fontem?
1187 1003 1255 1071 Sed

215 1138 314 1185 sensu
352 1138 443 1184 cassa
477 1137 515 1184 ea
550 1123 628 1184 sunt
662 1117 835 1200 vocabula3
871 1117 1012 1183 oriminis
1045 1117 1121 1202 foas
1153 1138 1256 1204 quae-

215 1233 336 1298 rendus
359 1238 444 1315 erat3
468 1233 538 1316 hoc,
561 1237 599 1298 ut
622 1233 744 1316 opinor,
767 1232 939 1317 Angustus
961 1231 1055 1314 fecit3
1080 1251 1147 1316 quo
1166 1231 1254 1298 facto

184 1401 186 1405 ,
216 1349 367 1432 cognovit
408 1367 428 1411 a
457 1345 572 1412 liberto
603 1350 706 1411 totum
739 1347 861 1411 crimen
891 1344 1068 1410 conflatum
1097 1363 1180 1429 esse,
1212 1346 1254 1411 ab

215 1461 337 1545 ilioque
358 1465 532 1545 patronum
553 1461 589 1523 in
613 1479 754 1525 errorem
777 1478 849 1525 esso
872 1459 1051 1524 inductum.
1075 1456 1254 1545 Maloergo

216 1574 328 1640 abesse
360 1593 474 1640 versus
498 1593 581 1658 quos
606 1574 675 1638 dixi
699 1593 797 1657 quam
820 1573 1038 1637 narrationem
1059 1572 1171 1656 inepto
1193 1573 1254 1638 ilio

214 1690 356 1754 ueritatis
378 1688 499 1773 fontem
517 1689 692 1772 inquinari.
712 1687 848 1751 Accedit
868 1686 956 1770 quod
975 1684 1144 1750 Phaedrus
1164 1691 1255 1753 amat

216 1803 340 1870 subitas
372 1803 412 1867 ab
444 1803 506 1867 aiio
537 1801 579 1867 ad
610 1801 698 1866 aliud
729 1793 919 1866 subiectum
938 1801 1146 1866 transitiones
1170 1803 1203 1865 ct
1219 1799 1264 1865 rb.

215 1915 372 1982 ἀσύνδετον
398 1918 434 1980 in
465 1915 711 1980 narrationibus.
745 1914 808 1980 Sed
839 1915 878 1979 de
903 1933 940 1980 ea
962 1933 998 1979 re
1019 1918 1130 1998 postea
1154 1914 1255 1979 etiam

217 2031 390 2095 dicendum
414 2031 482 2110 erit.
506 2028 710 2094 Praecedunt
733 2033 850 2093 autem·
864 2029 1081 2092 narrationem
1104 2031 1255 2093 nostram

190 2195 191 2199 ,
217 2145 365 2230 exempla
389 2143 545 2228 quaedam
567 2142 725 2227 equibus
749 2145 899 2227 appareat
923 2145 954 2205 et
977 2140 1105 2206 credere
1128 2144 1162 2205 et
1184 2160 1257 2206 nou

217 2259 345 2324 credere
386 2257 606 2343 periculosum
641 2275 719 2322 esse.
753 2254 939 2320 Verbosum
974 2273 1051 2320 sane
1084 2253 1169 2319 illud
1203 2260 1258 2322 est

216 2373 426 2457 prooemium,
453 2371 509 2436 sed
533 2375 565 2435 et
588 2369 674 2455 apud
697 2368 866 2434 Perottum
889 2373 921 2434 et
942 2370 978 2432 in
1001 2368 1139 2433 Phaedri
1164 2369 1258 2434 codi-

218 2483 311 2550 cibus
333 2486 460 2570 legitur.
485 2484 677 2569 Sequuntur
700 2485 918 2549 narrationem
941 2484 976 2548 bi
998 2501 1129 2548 versus:

307 2723 364 2789 Nil
387 2727 517 2808 spernat
539 2723 637 2806 auris,
660 2741 721 2787 nec
743 2726 851 2787 tamen
875 2721 986 2788 credas
1010 2721 1127 2805 statim,

309 2835 572 2924 quandoquidem
596 2840 627 2902 61
649 2834 699 2899 illi
720 2840 862 2920 peccant,
885 2855 968 2922 qnos
990 2835 1125 2900 minime
1146 2840 1258 2924 putes,

309 2956 341 3016 et
363 2953 422 3038 qui
443 2969 509 3014 non
531 2954 666 3035 peccant
688 2950 921 3035 impugnantur
943 2948 1122 3015 fraudibus.

264 3178 380 3261 Aequo
403 3177 465 3241 hoc
484 3194 615 3260 quoque
634 3175 848 3261 epimythium
868 3174 1038 3240 ferendum
1058 3193 1130 3241 esse
1141 3178 1259 3244 animo

221 3308 345 3373 conseo,
375 3290 530 3374 quoniam
558 3289 594 3352 in
625 3307 662 3354 co
692 3288 839 3353 addendo
871 3291 1078 3353 consentiunt
1097 3287 1258 3357 Perottus

221 3407 253 3469 et
279 3403 404 3468 codices
428 3402 595 3468 Gallicani.
620 3401 684 3468 Sed
707 3421 796 3468 nunc
820 3404 897 3468 satis
920 3404 985 3467 iam
1008 3421 1078 3468 esse
1100 3421 1259 3490 praecep·

221 3523 328 3582 torum
351 3521 384 3581 et
406 3517 638 3582 sententiarum
662 3516 834 3581 moralium
857 3516 994 3598 videtur,
1004 3515 1258 3604 gaudemusque

223 3628 310 3713 quod
332 3633 461 3694 auctore
484 3628 594 3694 codice
617 3628 657 3692 V.
681 3628 819 3695 abiicere
837 3648 1013 3714 possumus
1024 3649 1182 3715 pannum,
1195 3634 1258 3717 qui

223 3741 309 3828 apud
330 3741 512 3808 Phaedrum
536 3761 644 3829 panno
667 3746 717 3808 cst
743 3747 892 3809 assutus:
