2676 4290
709 272 751 334 54

350 454 413 522 Die
450 457 484 540 (L
511 458 565 540 27)
599 458 882 543 vorangeschiclrte
912 457 1015 524 Moral
1045 458 1171 524 anmals
1202 460 1256 526 die

310 571 503 637 Absurditat
540 573 596 638 des
630 572 801 638 Schluszes
834 573 918 637 noch
952 573 1071 638 einmal
1102 574 1141 637 in
1177 575 1254 640 sehr

305 685 436 750 lahmen
459 685 684 750 Ausdriiclren.
704 685 875 752 Vielleioht
894 705 985 752 muss
1005 705 1080 751 man
1091 685 1253 771 Benfleys

306 798 463 885 Meinung
497 798 672 883 beytretm,
706 799 763 864 der
799 801 846 865 sie
879 799 933 864 fiir
970 801 1252 886 untergeschoben

306 913 434 997 erklart,
469 914 537 978 und
568 914 621 978 ich
651 914 746 980 weiss
777 914 875 998 nieht,
899 913 939 980 ob
963 914 1049 980 diess
1071 915 1164 980 nicht
1186 936 1254 982 ron

307 1027 466 1110 mehrern‚
474 1029 508 1111 ja
521 1028 583 1092 den
595 1029 730 1093 meisteu
742 1027 886 1093 Moralen
898 1027 994 1110 beym
1005 1028 1176 1096 Phaedrus
1182 1031 1253 1116 gili.

260 1140 375 1226 Neque
418 1141 481 1206 alia
523 1146 572 1207 esi
605 1142 712 1227 opinio
746 1140 873 1227 Manilii,
908 1142 1003 1208 ouius
1037 1142 1116 1208 haec
1152 1143 1255 1210 verba

222 1261 300 1321 sunt
322 1257 363 1341 (p.
390 1256 459 1339 72);

349 1367 396 1434 Ia
427 1369 556 1453 morale,
587 1373 670 1435 cette
697 1388 833 1454 marque
855 1368 933 1435 d'un
956 1370 1056 1455 esprit
1078 1368 1254 1458 beaucoup

305 1485 380 1570 plus
399 1485 560 1568 modeme,
579 1489 628 1549 est
647 1489 785 1550 sourent
796 1503 885 1550 assez
896 1484 1110 1569 gauchement
1121 1486 1255 1552 accolae

306 1618 349 1662 au
383 1599 462 1662 recit
496 1616 580 1682 pour
615 1597 719 1663 forcer
748 1601 768 1662 a
801 1615 843 1662 ne
875 1617 934 1682 pas
967 1597 999 1662 le
1021 1598 1123 1663 croire
1151 1598 1197 1664 'de
1220 1599 1255 1665 la

307 1713 412 1779 meme
438 1730 553 1777 renue.

260 1825 328 1910 Est·
351 1844 426 1911 ergo
457 1826 544 1910 quod
575 1826 701 1890 mireris
734 1826 822 1890 viros
852 1824 963 1890 doctos
989 1826 1047 1909 qui
1069 1825 1108 1890 de
1130 1825 1194 1890 hac
1216 1845 1256 1893 re

218 1941 410 2006 sententiam
445 1960 539 2005 suam
573 1941 727 2005 dixerunt
761 1958 872 2005 omnes
905 1940 1108 2024 paucissimis
1138 1939 1254 2007 verbis

217 2055 395 2137 defunctos,
424 2055 588 2120 nenimem
618 2055 778 2119 curiosius
809 2072 879 2118 eam
910 2057 1128 2137 pertractasse.
1153 2051 1255 2130 Quod

216 2188 276 2255 ego
312 2188 401 2234 nuuc
434 2168 539 2234 facere
574 2168 729 2249 conabor3
760 2173 791 2233 et
822 2186 1020 2252 quamquam
1051 2165 1159 2231 verbis
1183 2187 1255 2233 non

215 2303 345 2368 parcam
376 2287 485 2348 tamen
516 2301 583 2347 non
613 2280 759 2366 undique
781 2285 970 2366 argumenta
992 2280 1168 2364 corrudam,
1193 2281 1255 2347 sed

217 2417 283 2463 uno
306 2398 511 2482 potissimum
533 2400 607 2461 utar
630 2400 706 2460 noto
731 2396 862 2480 quidem
885 2394 1036 2461 omnibus
1059 2394 1117 2461 sed
1139 2396 1255 2462 aviris

217 2512 319 2576 doctis
349 2511 520 2595 hucusque
552 2513 609 2574 aut
641 2509 785 2594 neglecto
816 2512 873 2573 aut
903 2512 1020 2593 spreto.
1043 2507 1131 2574 Illud
1153 2509 1254 2593 quale

217 2627 260 2691 sit
291 2624 480 2690 brevissime
511 2623 575 2689 dici
604 2627 716 2708 potest.
745 2621 941 2688 Fabularum
965 2622 1253 2710 Phaedrianarum,

219 2758 302 2825 quae
325 2741 360 2804 in
384 2738 568 2823 anthologia
587 2737 752 2804 Perottina
770 2738 850 2821 (cod.
870 2737 912 2821 V)
932 2739 1254 2823 reperiuntur,nulla

134 2863 135 2866 ’
218 2857 267 2918 est
291 2871 375 2936 quae
398 2853 612 2936 epimythium
632 2852 895 2937 promythiumve
914 2851 1204 2936 habeatpoeficum
1217 2849 1253 2936 ¹).

266 2964 378 3047 „Heus
409 2963 467 3029 tu''
497 2967 543 3030 ita
573 2966 638 3030 iam
669 2966 815 3051 undique
837 2966 1011 3032 clamantes
1033 2965 1114 3030 mihi
1136 2965 1254 3033 audire

218 3078 330 3144 videor
351 3079 486 3144 lectores
511 3096 648 3164 „ergone
670 3098 712 3144 ne
734 3079 796 3145 hoe
819 3080 951 3165 quidem
969 3080 1056 3144 nosti
1066 3077 1253 3146 Lucienum

217 3191 337 3258 Miiller
359 3192 447 3259 istud
463 3197 558 3258 tuum
581 3198 810 3279 argumentum
828 3195 892 3259 iam
912 3199 986 3259 ante
1005 3193 1126 3259 multos
1145 3212 1254 3263 annos

252 3492 280 3560 i)
306 3492 462 3561 Argumenti
487 3493 550 3558 rim,
576 3493 637 3544 licat
660 3507 739 3558 prave
760 3507 799 3558 eo,
824 3507 867 3544 me
892 3492 983 3559 iudice,
1009 3495 1064 3546 usis
1089 3495 1132 3562 sit,
1149 3500 1257 3567 egregie

219 3585 344 3650 perspixit
359 3584 396 3635 du
414 3583 496 3649 Marii
513 3584 560 3650 qui
578 3584 614 3636 ita
632 3584 708 3635 dicit:
727 3584 778 3654 „Le
795 3585 939 3636 manuscrit
955 3585 991 3636 du
1008 3585 1115 3638 vatican
1132 3602 1148 3638 a
1164 3592 1257 3644 meme

219 3676 413 3743 probablement
429 3675 507 3742 garde
523 3677 547 3727 le
565 3677 688 3728 souvenir
704 3677 735 3728 de
752 3677 778 3728 la
796 3677 878 3728 forme
895 3676 1046 3742 premiere?
