2676 4290
453 1174 668 1252 CAPUT
705 1174 755 1249 H.

482 1710 569 1761 Nescio
585 1711 645 1776 quid
661 1710 779 1760 meditans
796 1726 913 1775 nouarum
931 1713 997 1759 totos
1012 1709 1039 1757 in
1057 1707 1117 1759 illie.

135 1899 283 1967 Fortasse
301 1920 390 1965 nuuc
404 1899 530 1985 rogabit
543 1903 719 1987 quispiam:
736 1920 872 1986 „ergone
883 1920 1015 1985 prorsus
1027 1901 1117 1984 iguo·

88 2018 146 2078 tus
180 2018 212 2078 et
243 2019 291 2079 est
321 2018 354 2079 et
382 2014 525 2080 manebit
553 2019 645 2100 poeta
676 2014 731 2079 iiie
762 2033 903 2099 quocum
933 2015 998 2079 iam
1027 2013 1120 2098 pueri

93 2127 233 2211 aliquam
263 2128 512 2192 familiaritatem
543 2128 743 2193 contraxisse
774 2126 868 2192 nobis
896 2127 958 2191 visi
981 2125 1119 2192 sumus?

91 2239 176 2304 Nam
206 2241 354 2325 ignotum
384 2259 459 2304 eum
490 2259 571 2305 voco
603 2243 698 2305 ouius
727 2258 833 2323 neque
863 2244 998 2305 aetatem
1025 2240 1120 2305 certis

93 2373 254 2418 annorum
276 2352 396 2418 finibus
419 2352 680 2419 circumscribere
698 2373 882 2438 possumus,
900 2371 1007 2436 neque
1018 2353 1120 2417 natio·

90 2486 166 2532 nem
198 2468 419 2551 originemque
447 2467 608 2553 indagare,
638 2485 745 2551 neque
763 2467 911 2530 inimicos
935 2467 1120 2550 amicosque

93 2580 268 2662 nominare,
294 2599 487 2663 quamquam
512 2579 552 2644 ab
575 2579 641 2644 iilis
666 2580 825 2645 eiusmodi
846 2583 895 2644 est
917 2579 1049 2645 affectus
1071 2581 1120 2644 in·

90 2681 193 2774 iuriis,
222 2692 340 2776 ignotis
371 2696 403 2756 et
433 2693 521 2776 ipsis,
551 2697 589 2757 ut
617 2697 673 2757 aut
695 2689 905 2757 succubuisse
928 2697 984 2757 aut
1006 2692 1046 2758 ab
1068 2694 1119 2758 his

92 2808 225 2869 strenue
247 2803 413 2869 defensum
437 2823 507 2870 esse
529 2805 570 2869 sit
593 2803 754 2870 necesse.''
776 2803 891 2869 Fateor
914 2825 966 2871 me
990 2806 1029 2870 de
1053 2825 1120 2870 om-

90 2916 189 2981 nibus
211 2917 300 2981 hisce
322 2915 419 2981 rebus
439 2918 496 2980 rix
516 2917 693 3001 quidquam
711 2917 862 2983 lectorem
882 2918 1119 3003 docereposse;

96 3030 152 3094 sed
183 3029 260 3113 quid
282 3030 311 3094 si
333 3048 391 3114 pro
412 3030 454 3094 iis
478 3029 608 3094 doceam
627 3034 738 3114 poetae
761 3049 813 3095 ars
835 3050 855 3095 a
878 3029 996 3115 quibus
1016 3030 1119 3094 initiis

91 3141 241 3226 profecta,
265 3161 330 3225 qua
347 3142 471 3206 ratione
491 3142 609 3207 sensim
629 3142 671 3206 sit
688 3146 933 3226 auctamutata,
945 3141 1119 3227 corrupta?

92 3253 210 3318 Nonne
231 3254 292 3319 hoc
313 3255 416 3319 multo
438 3255 569 3319 maioris
591 3255 721 3321 videtur
742 3257 905 3338 momenti,
923 3255 1120 3321 nonuehaoc

93 3369 226 3433 scientia
249 3372 281 3433 et
303 3367 413 3432 utilior
436 3371 468 3434 et
491 3368 650 3453 optatior?
676 3366 870 3451 „Atesim”
893 3369 1014 3433 dixeris
1035 3387 1121 3451 „non

93 3484 174 3546 tanti
195 3481 256 3545 iste
277 3479 444 3546 Phaedrus
462 3480 592 3546 videtur
609 3487 647 3547 ut
666 3482 827 3566 quomodo
845 3483 1012 3567 ingenium
1025 3501 1122 3548 suum

93 3594 270 3660 excoluerit
304 3595 386 3659 scire
421 3612 615 3679 magnopere
645 3591 825 3660 curemus.‘'
855 3593 980 3680 Neque,
1009 3595 1123 3681 hercle,

94 3711 163 3794 ipse
192 3711 301 3795 magni
329 3728 402 3775 eum
425 3708 517 3794 facio,
540 3709 598 3776 sed
619 3708 680 3775 hoc
702 3709 782 3775 mihi
804 3710 876 3774 iure
898 3728 970 3775 meo
994 3713 1125 3775 conten-

1009 3819 1026 3872 2
