2676 4290
591 318 632 380 27

144 503 278 568 illorum
303 521 381 590 erge
403 521 520 575 sensus
543 503 699 575 delectare
720 503 792 575 vult
813 505 915 588 poete
939 501 1017 575 uota
1028 503 1127 588 igitur

101 619 177 684 libri
199 618 233 683 H
255 617 408 703 praefatio
426 618 492 690 huc
510 617 610 690 redit:
630 617 775 700 „fabulae
786 616 829 683 ab
838 598 966 703 Aesopo
978 618 1129 683 inventae

102 736 179 798 sunt
203 736 240 797 ut
261 732 407 797 homines
431 731 588 828 exemplis
611 732 739 796 avitiis
764 732 1017 812 deterrerentur3
1039 731 1129 814 utile,

102 846 219 930 hercle,
248 845 429 910 consilium.
460 844 523 911 Sed
550 864 615 910 non
639 864 720 930 opus
744 850 792 911 est
813 844 938 910 fabulas
961 843 1128 930 Aesopum

103 964 266 1026 auctorem
296 959 423 1044 habere,
447 945 523 1045 erg'o
553 961 623 1045 ipse
646 978 747 1024 novas
771 959 927 1055 quasdam
950 976 992 1024 ex
1016 957 1128 1025 eodem

101 1094 219 1162 genere
250 1076 413 1157 adiiciam3
446 1080 479 1140 et
509 1094 551 1141 ne
580 1077 616 1140 in
638 1093 755 1161 genere
778 1074 909 1160 quidem
932 1074 1029 1140 auxie
1051 1071 1128 1139 sub-

103 1193 224 1275 sistam,
246 1208 361 1256 verum
384 1188 583 1257 utlecterem
595 1190 748 1256 uadetate
760 1188 915 1254 delectem
926 1189 1128 1272 interponam

101 1324 159 1390 pro
184 1303 302 1369 fabulis
326 1303 405 1372 alias
428 1300 661 1371 uarmtioues''

149 1416 219 1495 Quo
247 1417 342 1482 modo
366 1421 475 1483 autem
497 1416 654 1500 promisso
679 1414 800 1480 statuit
822 1414 988 1480 Phaedrus
1012 1413 1129 1479 diiudi-

103 1531 171 1600 cui
198 1531 265 1605 iam
290 1549 358 1599 uon
386 1534 499 1615 potest,
530 1530 632 1596 multa
661 1530 746 1596 enim
769 1529 869 1594 huius
890 1528 965 1601 tiiui
988 1529 1130 1595 carmina

102 1644 266 1714 iutcaiiese
296 1644 464 1725 videntum
500 1642 557 1710 scd
592 1643 633 1708 ab
667 1645 740 1728 ipso
772 1641 1034 1728 „interpositam”
1058 1659 1129 1709 osse

103 1757 321 1827 narrationem
350 1758 392 1824 de
421 1755 555 1824 ansase
584 1757 625 1824 ad
655 1758 825 1823 audensem
851 1757 895 1839 (5)
918 1761 1041 1824 costum
1063 1759 1129 1837 est3

106 1889 190 1956 quae
223 1871 333 1946 fabula
366 1872 406 1940 ad
435 1871 517 1939 illud
546 1890 651 1956 geuus
673 1870 838 1943 referenda
859 1874 909 1937 est
932 1870 1018 1955 qued
1041 1889 1131 1937 ounc

104 2004 217 2051 omnes
248 1986 359 2071 populi
393 1985 587 2069 „anecdota”
619 1985 785 2071 appellant
817 1984 878 2050 Illo
907 1989 1014 2051 autem
1037 2003 1129 2079 vcca-

103 2100 182 2165 bulo
205 2104 237 2166 et
258 2101 328 2186 ipse
349 2100 482 2186 posthac
505 2097 672 2165 brevitatis
695 2118 792 2164 causa
814 2102 895 2164 utar.

148 2213 250 2290 Vides
278 2215 342 2287 iam
374 2213 499 2298 aliqud
529 2213 569 2288 de
600 2214 735 2304 pristina
765 2232 826 2286 aua
856 2211 1022 2287 ramasse
1041 2229 1131 2284 vore·

104 2328 226 2404 cundia
255 2332 421 2408 nostrum
456 2329 524 2401 iana
556 2345 591 2393 se
626 2328 779 2401 maiorem
813 2330 905 2413 putat
941 2345 1041 2411 quaa
1074 2325 1132 2410 qui

104 2443 202 2517 auxie
231 2442 336 2515 dena
365 2445 488 2533 premat
511 2441 666 2527 vestigia3
686 2441 753 2514 iam
776 2440 933 2513 cuulad
953 2458 1030 2513 eum
1052 2439 1132 2524 vult,

107 2575 205 2641 quem
234 2559 331 2630 aaa
357 2555 480 2630 imitari
507 2551 849 2633 accusasatum
871 2553 1073 2625 inventorem
1096 2571 1132 2619 se

107 2669 171 2733 dici
201 2669 296 2752 cupit.
327 2667 371 2733 ut
400 2670 477 2733 satis
502 2666 563 2733 sibi
585 2686 654 2732 rem
678 2686 720 2733 ex
743 2670 819 2731 voto
843 2668 977 2732 cessisse
1000 2686 1131 2753 persua-

107 2781 273 2846 sissimum
296 2780 359 2845 sibi
380 2781 485 2847 habet.
508 2780 668 2846 Absolute
692 2781 778 2846 enim
801 2781 864 2845 iam
888 2781 948 2845 hoc
970 2781 1131 2846 libronon

106 2895 336 2989 praefationem
370 2895 477 2971 selum
511 2895 640 2987 scripsit
674 2895 731 2961 sed
765 2899 797 2965 et
828 2895 1000 2983 epilogum,
1021 2896 1075 2961 eui
1099 2899 1131 2959 et

105 3011 172 3098 ipsi
191 3010 307 3088 acutus
333 3008 505 3092 „auetor”;‚
524 3009 567 3082 ex
590 3027 628 3083 eo
651 3013 759 3080 autem
780 3007 900 3083 laboris
912 3027 988 3082 eum
999 3008 1132 3081 minime

105 3126 270 3211 poenitum
299 3128 447 3209 aupuete
476 3122 611 3197 alterum
642 3142 677 3188 se
703 3123 871 3208 Aesopum
892 3127 999 3211 putat3
1023 3123 1132 3197 literas

63 3236 66 3241 ’
106 3238 238 3304 Iatinas
267 3257 357 3314 novo.
383 3257 419 3311 se
447 3256 564 3323 genere
595 3239 728 3313 auxisse
748 3237 921 3324 gloriatu13
947 3237 1079 3332 egregie
1097 3254 1132 3313 se

107 3353 147 3419 de
169 3351 259 3418 Latio
281 3353 432 3418 meritum
455 3351 500 3416 ita
523 3349 699 3436 significat:

243 3576 337 3655 Quod
359 3579 387 3643 si
409 3577 512 3646 labori
534 3577 649 3647 fauerit
670 3576 800 3649 Latum
821 3596 902 3659 mec,

242 3692 351 3782 plupes
373 3691 502 3765 habebit
526 3711 608 3788 quos
631 3695 770 3778 opponat
793 3689 952 3767 Graeciae
