2676 4290
640 191 697 255 20*

196 378 297 445 Primi
328 397 403 465 ergo
433 376 509 443 libri
539 378 701 463 prooemio
731 378 801 463 ipse
831 374 998 463 profitetur
1024 377 1116 459 poeta
1141 392 1178 440 se

151 496 315 561 materiem
350 493 389 559 ab
424 494 552 578 Aesopo
586 496 744 578 repertam
781 490 949 575 ,versibus
980 491 1176 577 expolivisse

151 608 315 677 senariis''.
340 607 411 686 Qua
429 608 592 674 locutione
616 609 694 674 satis
713 606 866 673 inusitata
882 625 988 691 neque
1000 606 1176 671 admodum

149 725 319 810 perspicua
342 721 522 809 significare
543 722 669 787 videtur
688 740 722 786 se
740 719 865 786 fabulas
886 721 1016 805 Aesopi,
1036 738 1176 804 quarum

149 838 320 922 pleraeque
350 840 444 901 antea
474 836 509 899 in
540 854 594 900 ore
624 839 751 899 tantum
781 835 949 899 hominum
971 836 1079 898 essent
1101 851 1176 898 rer-

128 954 236 1015 'satae
267 949 318 1015 vel
346 949 485 1034 pedestri
509 966 655 1014 sermone
679 949 823 1032 scriptae,
846 967 912 1012 non
934 946 1037 1012 solum
1062 944 1177 1011 Lafine

149 1063 283 1129 vertisse
306 1063 364 1128 sed
387 1065 481 1128 etiam
503 1061 640 1147 eleganti
660 1065 691 1126 et
710 1065 847 1126 venusto
863 1061 1008 1127 induisse
1020 1078 1175 1125 versuum

149 1177 499 1242 senariorumvestitu.
522 1174 668 1240 Profecto
692 1174 773 1237 nihil
796 1178 844 1238 est
866 1175 901 1237 in
921 1192 958 1239 ea
977 1173 1175 1258 praefatione

148 1289 356 1374 arrogantiae,
398 1288 625 1354 verecundiam
668 1288 815 1374 agnoscis
857 1291 977 1372 po'e'tae,
1015 1288 1072 1371 qui
1105 1290 1174 1350 tam

147 1404 259 1488 paucis
283 1402 388 1469 verbis
413 1423 510 1469 suum
528 1401 670 1467 laborem
689 1401 856 1485 describat,
876 1420 982 1486 neque
995 1400 1174 1485 quidquam

148 1517 188 1582 de
211 1535 245 1583 se
268 1516 371 1583 addat
395 1517 478 1582 Nam
501 1518 558 1602 qui
581 1515 695 1582 deinde
718 1520 901 1600 sequuntur
926 1534 1038 1581 versus

279 1693 468 1758 calumniari
493 1693 521 1758 si
541 1694 614 1778 quis
638 1696 745 1757 autem
768 1692 907 1756 voluerit

281 1806 368 1890 quod
391 1806 520 1872 arbores
541 1806 717 1891 loquantur
740 1824 805 1869 non
828 1809 955 1869 tantum
978 1801 1072 1886 ferae,

233 1960 235 1964 -
280 1916 363 1984 fictis
386 1920 485 1983 iocari
507 1938 567 1984 nos
589 1920 772 1985 meminerit
793 1917 912 1984 fabulis

147 2083 288 2167 ineptam
311 2084 398 2148 haud
422 2083 519 2149 dubie
543 2083 708 2148 continent
726 2083 954 2166 defensionem,
973 2082 1030 2147 sed
1049 2101 1086 2147 ea
1106 2101 1173 2146 non

47 2211 49 2214 ·
148 2200 248 2261 semet
289 2198 397 2282 ipsum
441 2196 526 2262 tueri
562 2196 691 2262 ridetur
723 2199 824 2280 polita,
858 2214 972 2261 verum
1007 2199 1172 2260 auctorem

35 2362 39 2370 .
147 2329 244 2374 suurn
276 2311 449 2395 Aesopum.
480 2309 632 2396 Legimus
662 2310 748 2375 enim
779 2309 864 2394 apud
894 2307 1069 2374 Romulum
1094 2309 1173 2394 lepi-

148 2422 313 2489 dissimam
344 2426 560 2490 narrationem
583 2424 623 2489 de
645 2422 813 2488 arboribus
836 2425 943 2489 securi
965 2422 1173 2488 manubrium

147 2535 385 2622 praebentibus,
421 2558 519 2624 quam
553 2537 808 2623 elegantissimis,
837 2541 875 2601 ut
905 2537 993 2621 solet,
1024 2536 1172 2602 versibus

148 2653 318 2716 exornavit
343 2650 508 2717 Lucianus
531 2650 657 2735 Miiller,
681 2650 738 2735 qui
760 2650 836 2716 licet
857 2651 901 2715 ita
923 2649 1063 2715 fabulam
1086 2669 1172 2715 com·

147 2765 291 2850 posuerit
320 2765 485 2850 aliquanto
515 2755 734 2830 venustiorem
765 2783 863 2848 quam
895 2783 914 2828 a
944 2762 1088 2829 Phaedro
1116 2783 1172 2829 ex·

148 2880 284 2965 spectari
318 2879 428 2965 possit,
462 2884 570 2945 tamen
604 2879 691 2944 haud
725 2877 822 2944 dubie
852 2878 907 2944 illa
935 2880 1057 2944 ratione
1079 2879 1171 2945 nobis

148 2987 331 3058 facultatem
364 2991 510 3078 praebuit
540 2994 648 3078 aliquo
681 2992 775 3058 modo
798 2994 949 3079 explendi
970 2992 1045 3058 libri
1067 2995 1171 3078 primi,

148 3107 205 3191 qui
228 3126 317 3171 nnnc
339 3111 520 3192 temporum
543 3108 663 3173 iniuria
686 3108 859 3174 lacunosus
879 3109 1115 3175 circumfertur:
1136 3109 1171 3172 in

146 3238 185 3286 ao
205 3222 290 3286 enim
312 3221 403 3286 nulla
421 3226 471 3287 est
488 3222 692 3306 loquentium
712 3221 862 3288 arborum
873 3222 999 3304 fabula;
1011 3221 1171 3287 Romulus

147 3338 255 3400 autem
278 3335 448 3420 plerasque
469 3334 595 3402 fabulas
618 3355 660 3402 ex
683 3336 828 3402 Phaedro
851 3337 1017 3422 descripsit
1030 3336 1062 3419 1l.
1088 3336 1172 3402 Item

182 3578 211 3647 1)
229 3579 266 3631 De
283 3593 314 3632 aa
329 3595 359 3632 ra
376 3580 480 3635 dabitur
497 3582 603 3650 posthac
619 3583 725 3636 docendi
741 3584 820 3651 eopia.

25 4012 284 4140 Ι·
