2676 4290
632 354 694 419 112

154 541 257 603 aarum
284 538 429 624 legamus
460 537 647 606 dammae?
674 540 774 626 Saepe
797 541 884 606 enim
907 538 1068 626 signifieat
1090 543 1184 626 poeta

155 670 189 718 ee
219 653 442 718 tantummodo
470 673 623 738 quaerere
646 655 725 740 quid
748 654 866 721 eruditi
887 657 1049 738 censeant,
1071 654 1185 720 indeo

152 768 260 830 torum
281 765 439 831 iudicium
462 786 497 832 se
520 767 654 834 minime
678 786 798 834 omaro.
821 767 882 834 Est
905 771 937 832 et
958 767 1043 833 aliua
1066 768 1102 832 in
1122 768 1185 834 hoo

152 877 234 943 libro
256 897 371 945 versus
395 899 459 964 quo
481 885 574 965 poeta
597 880 662 948 fere
684 882 768 947 idem
793 881 871 947 dicit
892 880 950 946 sed
972 880 1027 946 ille
1051 900 1186 967 quoque

59 1014 60 1018 ¹
152 992 233 1056 mihi
252 993 319 1058 leni
347 994 486 1078 quadam
507 995 634 1061 medela
657 1014 751 1082 egere
777 995 915 1061 ridetur.
936 992 1074 1080 Legitur
1097 996 1188 1061 enim

153 1105 189 1169 in
212 1105 337 1192 epilogo
363 1107 502 1171 12—14.

240 1294 274 1360 Si
296 1299 445 1362 nostrum
468 1296 614 1362 studium
637 1296 679 1362 ad
704 1315 798 1362 aures
822 1296 924 1362 cultae
947 1295 1096 1380 pervenit

241 1414 274 1474 et
295 1414 363 1476 arte
384 1409 475 1476 fiotae
498 1412 628 1477 animus
649 1411 745 1476 sentit
766 1410 892 1476 fabulae

241 1542 367 1590 omnem
391 1525 554 1609 querelam
577 1524 747 1591 submovet
768 1523 914 1590 felicitas.

196 1685 301 1754 Nimia
332 1688 417 1754 exile
444 1693 494 1754 est
523 1688 612 1753 istud
634 1688 760 1753 animae
782 1687 833 1753 vel
857 1687 965 1773 potius
988 1703 1088 1751 sensu
1113 1703 1196 1757 oasa

153 1820 235 1888 sum,
258 1806 290 1868 et
313 1804 419 1888 agitur
440 1803 491 1868 hio
514 1801 663 1868 versibus
685 1802 725 1868 de
746 1798 931 1866 hominibus
954 1798 1183 1864 tantummodo

152 1917 187 1980 in
230 1936 367 2001 quorum
411 1936 526 1983 manus
560 1917 684 1982 libellos
720 1935 797 1982 auos
830 1917 1039 2001 perventuros
1074 1915 1186 1998 sperat

151 2033 253 2115 potita,
283 2051 350 2096 non
374 2031 412 2096 de
436 2050 546 2097 eorum
569 2031 696 2095 iudicio.
720 2028 906 2115 Legendum
931 2046 1007 2113 ergo
1032 2026 1184 2111 suspicor

284 2210 317 2272 et
338 2210 405 2272 arte
426 2205 521 2271 fietus
544 2206 672 2271 animus
697 2205 793 2269 sentit
815 2201 950 2268 fabulae.

194 2367 331 2455 Egregie
365 2372 451 2435 enim
485 2371 570 2435 inter
603 2389 638 2443 ae
670 2371 852 2455 iunguntur
887 2389 982 2434 aurea
1015 2368 1117 2437 tultae
1152 2377 1184 2439 et

150 2484 278 2549 animus
306 2485 387 2549 artie
413 2484 513 2566 fietus.
545 2482 638 2561 Quod
669 2483 783 2549 deinde
814 2482 981 2548 Bentleius
1004 2483 1182 2569 legendum

151 2603 262 2664 oenset

284 2711 385 2778 bonae
408 2714 442 2777 in
465 2716 571 2798 partes
594 2713 694 2778 leotor
716 2712 850 2797 aooipiat
871 2711 979 2797 velim,

283 2826 329 2891 ita
352 2828 381 2892 ai
402 2827 555 2913 rependet
572 2826 622 2891 illi
645 2824 784 2892 brevitas
802 2828 949 2911 gratiam.

151 2992 274 3072 poterat
307 2988 409 3054 multo
443 2989 656 3074 probabiliore
690 2989 911 3057 emendatione
943 2991 1031 3057 idem
1063 3011 1184 3060 senous

152 3101 296 3186 restitui;
320 3103 455 3168 ooniieio
480 3105 566 3169 enim

228 3340 232 3348 .
285 3277 385 3345 bonae
407 3279 441 3344 in
464 3283 578 3365 partes,
600 3280 709 3364 lector,
731 3282 869 3367 aoeipias
893 3282 1001 3366 velim,

285 3393 330 3458 ita
352 3394 381 3459 si
403 3393 554 3479 rependet
575 3394 670 3459 istam
691 3392 830 3459 brevitas
852 3396 999 3480 gratiam.

152 3503 195 3590 H,
219 3506 249 3591 4,
274 3506 303 3570 9.

284 3618 367 3685 Nam
389 3619 496 3686 fodere
518 3624 634 3686 terram
658 3620 744 3706 quod
767 3621 857 3688 rides
885 3621 1029 3706 quotidie

284 3752 398 3819 aprum
419 3734 620 3821 insidiosum,
644 3753 801 3820 quercum
820 3737 893 3802 rult
914 3740 1065 3804 evertere.
