2676 4290
654 315 696 378 82

155 501 252 567 nibus
275 500 454 586 probabiles
474 501 649 566 nonnullae
673 501 882 586 suspiciones,
905 500 1026 585 quibus
1048 501 1106 566 ille
1128 501 1195 567 fere

154 617 336 681 restituitur
369 634 485 680 sensus
520 633 584 699 quo
619 634 700 699 opus
732 620 790 697 est,
813 615 922 699 plures
946 616 1045 678 etiam
1071 612 1194 698 quibus

153 731 247 794 metri
284 730 400 793 vitium
435 728 566 811 tollitur,
587 728 644 792 sed
668 729 867 812 suspiciones
892 732 978 810 sunt,
1001 728 1190 811 praeclarae

153 842 385 907 emendationis
419 842 550 906 nomine
579 841 669 905 nulla
702 861 813 906 earum
848 841 944 925 digna
975 845 1033 924 est,
1069 859 1114 905 ne
1137 841 1192 904 illa

153 956 284 1040 quidem
304 975 402 1040 quam
422 974 498 1041 prae
520 957 635 1021 ceteris
647 955 849 1020 admirantur
862 954 1030 1019 viridooti.
1042 953 1191 1019 Pertinet

154 1088 191 1135 ea
213 1070 254 1135 ad
277 1090 324 1135 vs.
351 1071 379 1153 7,
398 1069 461 1134 fab.
488 1070 538 1147 10,
560 1068 594 1134 L.
618 1069 659 1154 V,
682 1069 739 1134 ubi
762 1089 819 1154 pro

555 1232 619 1300 Oui
642 1252 743 1300 senex
766 1237 878 1298 eontra
899 1232 1021 1298 latrans

150 1419 322 1505 legendum
356 1423 483 1487 censuit
504 1420 672 1488 Bentleins
696 1441 758 1486 cs.
771 1441 798 1486 c.
821 1420 939 1488 Lacon.
963 1419 1053 1485 Pieri
1077 1424 1186 1505 potest

150 1539 188 1600 ut
214 1537 261 1602 sic
284 1537 447 1621 scripserit
469 1535 647 1621 Phaedrus,
670 1535 752 1599 nihil
776 1540 910 1600 constat.
936 1533 1031 1612 Quod
1056 1535 1086 1600 si
1110 1536 1187 1620 quis

150 1669 201 1714 me
223 1655 314 1736 roget
336 1670 400 1735 quo
425 1655 613 1735 argumento
636 1650 671 1714 id
695 1650 809 1732 dicam,
828 1649 921 1714 facile
935 1650 965 1714 ei
977 1648 1187 1714 satisfaciam.

149 1763 270 1848 Ingens
305 1766 391 1829 enim
425 1769 474 1829 est
507 1783 664 1829 numerus
700 1763 960 1828 emendationum
986 1762 1025 1826 ad
1051 1766 1184 1828 textum

60 1933 66 1951 ,
150 1876 289 1942 Phaedri
321 1877 527 1962 purgandum
557 1897 575 1942 a
609 1879 688 1942 viris
724 1877 826 1941 doctis
848 1877 1100 1960 propositarum,
1125 1876 1183 1942 sed

152 2010 219 2054 una
242 1995 291 2055 est
315 2010 397 2075 quae
420 1992 534 2055 ceteris
556 1989 706 2054 omnibus
726 1995 791 2055 tam
803 1989 895 2055 facile
906 1990 1046 2074 palmam
1058 1992 1186 2074 praeri-

150 2105 217 2188 piat
247 2109 283 2169 ut
306 2105 375 2168 sola
396 2105 547 2189 palmaris
570 2108 655 2169 recte
675 2105 738 2168 diei
762 2106 872 2189 possit.
896 2103 956 2168 Est
978 2102 1186 2188 Baehrensii,

153 2217 211 2301 qui
233 2236 364 2282 versum
390 2219 431 2282 15
454 2218 572 2303 epilogi
593 2216 627 2282 L.
651 2217 694 2301 H,
716 2219 762 2282 ita
785 2217 957 2282 traditum:

286 2382 468 2448 sinautem
491 2381 531 2447 ab
554 2383 619 2447 illis
640 2383 753 2448 doctus
778 2383 919 2448 occurrit
940 2381 1033 2446 labor

154 2557 201 2624 sie
222 2558 380 2624 correxit:

287 2734 339 2800 sin
360 2736 468 2800 autem
489 2733 613 2800 rabulis
636 2734 750 2799 doctus
773 2733 913 2798 occurrit
935 2691 1034 2798 labor.

200 2918 252 2984 En
270 2920 526 2986 emendationem
537 2921 681 2988 Porsono
694 2922 803 3006 aliquo
816 2921 947 3007 dignam
960 2944 968 3005 3
981 2919 1043 2986 hoc
1054 2921 1183 2987 demum

155 3039 205 3100 est
237 3055 307 3101 rem
340 3054 401 3100 acu
435 3036 584 3121 tangere!
620 3035 673 3100 Illi
693 3036 817 3101 nullam
837 3055 957 3121 earum,
982 3035 1105 3121 quibus
1131 3033 1183 3100 alii

154 3150 217 3212 viri
238 3149 323 3214 docti
345 3149 484 3214 Phaedri
507 3169 639 3215 manum
661 3151 831 3216 restituere
852 3152 958 3215 conati
972 3153 1178 3235 sunt,parem

155 3261 334 3330 habendam
357 3282 429 3329 esse
450 3263 598 3349 proloqui
620 3283 687 3328 non
709 3284 839 3347 vereor3
865 3284 932 3329 non
945 3266 1033 3330 enim
1046 3264 1184 3331 Phaedri

155 3376 290 3443 lectores
325 3378 455 3444 sedulos
486 3398 505 3442 a
535 3397 587 3444 me
606 3379 808 3444 dissensuros
831 3384 918 3463 puto.
942 3378 1059 3463 Neque
1079 3380 1184 3445 solum

156 3490 234 3556 haec
268 3510 365 3557 causa
396 3497 444 3558 est
478 3511 536 3557 our
564 3493 654 3558 illam
687 3492 846 3578 proferam
882 3497 914 3559 et
946 3496 1013 3558 tam
1041 3494 1186 3578 impense

157 3603 295 3686 laudem,
331 3605 417 3690 quod
458 3606 538 3670 mihi
580 3609 747 3691 tamquam
778 3626 925 3672 normam
960 3604 1113 3692 praebeat
1148 3607 1186 3671 de

158 3715 297 3784 Bentleii
333 3720 525 3786 coniecturis
548 3720 721 3805 iudicandi,
743 3721 801 3786 sed
824 3722 921 3787 etiam
945 3720 1033 3806 quod
1058 3721 1185 3808 egregie

211 3988 311 4008 *a
