2676 4290
588 330 629 392 55

97 514 260 580 refutasse
268 514 306 578 ?'’
329 514 497 579 Eiusmodi
522 516 607 580 enim
632 534 721 580 nunc
741 517 839 580 nimis
859 515 954 580 multi
973 515 1033 578 viri
1046 514 1132 579 docti

100 634 192 713 sunt,
216 630 274 714 qui
297 630 324 694 si
346 648 415 694 rem
440 629 502 694 sibi
524 633 633 694 notam
656 630 690 693 in
715 628 823 713 aliquo
846 629 929 693 libro
953 647 1020 692 non
1042 647 1132 712 repe-

100 744 190 808 riant
215 744 323 808 statim
346 748 472 827 turpem
493 742 667 807 odorentur
684 744 908 828 ignorantiam,
919 760 1026 826 neque
1038 741 1132 826 quid-

103 875 204 940 quam
228 856 291 920 aliu
313 875 410 921 causa
433 857 591 920 omissum
614 874 684 921 esse
706 856 834 921 credere
858 856 909 920 vel
932 856 1056 939 possint
1080 854 1133 920 vel

101 971 208 1036 velint
250 990 347 1055 quam
390 970 478 1055 quod
520 971 656 1054 scriptor
686 969 769 1034 illud
803 988 972 1053 nunquam
1006 968 1132 1051 viderit,

100 1085 227 1169 legerit,
260 1084 404 1149 audierit
439 1081 642 1167 Quamquam
672 1083 751 1148 haec
781 1083 912 1167 quidem
942 1083 1002 1147 hac
1032 1083 1067 1144 in
1096 1100 1133 1147 re

100 1198 246 1281 suspicio
278 1198 374 1262 nimis
401 1196 541 1262 absurda
563 1202 619 1262 est.
643 1194 723 1273 Quis
747 1198 834 1261 enim
856 1200 966 1269 nostro
990 1200 1132 1281 tempore

100 1315 230 1396 poetam
262 1311 403 1395 aliquem
426 1309 578 1376 Latinum
602 1309 807 1395 aggrediatur
829 1328 895 1373 non
917 1308 1026 1375 habita
1048 1309 1132 1374 Mol-

102 1426 177 1508 leri,
211 1425 355 1489 omnium
389 1424 658 1508 praestantissimi
689 1423 790 1506 ducis,
812 1423 958 1488 ratione?
981 1421 1044 1488 Sed
1066 1424 1131 1488 iam

99 1539 147 1605 ad
168 1539 271 1622 ipsam
294 1556 362 1603 rem
384 1537 587 1603 redeundum
611 1541 667 1601 est.
1153 1613 1158 1622 ἢ

148 1652 233 1718 Nota
254 1671 307 1718 res
328 1656 377 1717 est
399 1654 433 1716 in
459 1652 567 1717 codice
589 1650 747 1715 Vaticano
770 1670 828 1734 pro
852 1651 979 1716 omissis
998 1652 1131 1736 poeticis

98 1768 294 1853 promythiis
318 1766 568 1851 epimythiisque
587 1767 814 1850 inscriptiones
832 1765 972 1850 pedestri
984 1784 1132 1831 sermone

98 1881 238 1964 scriptas
272 1880 344 1964 legi.
379 1877 481 1944 Cuius
514 1880 562 1944 rei
597 1896 680 1963 quae
715 1898 813 1942 causa
847 1879 889 1942 sit
918 1879 963 1942 ita
992 1877 1132 1962 explicat

96 1975 260 2060 Miillerus
283 1999 321 2058 ut
342 1993 493 2058 Vaticani
515 1993 632 2057 codicis
651 1990 916 2076 inscriptionibus
935 1992 1131 2057 enumeratis

94 2111 181 2174 haec
203 2105 300 2172 verba
326 2106 438 2172 addat:

234 2221 297 2288 His
339 2221 511 2306 propositis
553 2224 684 2305 apparet
721 2223 885 2285 auctorem
920 2218 1130 2304 anthologiae,

191 2356 256 2421 qua
278 2354 360 2400 usus
380 2339 428 2400 est
447 2334 606 2417 Perottus,
626 2333 683 2398 ubi
698 2334 890 2418 promythiis
903 2333 1130 2417 epimythiisre

190 2471 209 2515 a
230 2450 376 2515 Phaedro
399 2450 568 2534 perspicue
591 2453 676 2513 esset
694 2449 878 2532 expositum
897 2446 1024 2512 fabulae
1035 2468 1129 2532 argu-

188 2569 343 2646 mentum
378 2564 456 2628 satis
490 2563 642 2627 habuisse
677 2563 748 2645 eius
771 2561 870 2626 verba
891 2561 1070 2651 pedestrem
1093 2564 1128 2626 in

190 2695 370 2742 sermonem
401 2676 554 2761 redigere,
584 2675 641 2741 ubi
664 2675 834 2740 obscurior
856 2680 940 2740 esset
962 2693 1086 2759 sensus,
1110 2695 1129 2740 a

189 2791 317 2875 proprio
348 2790 488 2874 ingenio,
520 2788 608 2873 quod
630 2788 781 2873 equidem
804 2793 872 2852 erat
895 2788 1028 2852 minime
1052 2786 1128 2852 sub·
1159 2791 1164 2804 '

188 2903 252 2985 tile,
275 2903 407 2986 petiisse
430 2901 590 2966 auxilium
615 2900 824 2986 explicandae
846 2900 982 2964 fabulae.

143 3015 212 3081 Iam
244 3016 322 3100 quid
353 3015 393 3080 de
412 3033 450 3079 ea
471 3013 601 3079 Miilleri
625 3014 838 3099 explicatione
861 3031 1009 3078 censeam
1033 3032 1127 3077 acon·

92 3133 166 3195 rate
196 3148 366 3214 exponam.
395 3128 542 3193 Primum
574 3146 649 3211 crgo
672 3126 821 3212 proloqui
843 3144 910 3190 non
934 3144 1047 3190 vereor
1070 3127 1127 3190 vix

95 3244 277 3330 quidquam
292 3243 450 3328 exegitari
461 3261 554 3327 posse
567 3241 654 3326 quod
667 3242 769 3326 magis
781 3241 894 3325 ipsius,
905 3243 943 3304 ut
954 3240 999 3304 ita
1012 3239 1126 3323 dicam,

95 3362 233 3423 naturae
259 3355 385 3441 legibus
414 3355 602 3420 adversetur
624 3374 721 3439 quam
744 3354 778 3418 id
803 3353 890 3438 quod
913 3353 1051 3436 Perotto,
1074 3353 1127 3418 rel

96 3475 169 3538 eius
191 3472 324 3554 auctori,
336 3471 482 3535 evenisse
494 3468 652 3533 Miillerus
665 3469 854 3552 suspicatur.
866 3467 920 3530 An
932 3465 1013 3531 forte
1026 3468 1126 3531 eredi-

97 3585 164 3651 bile
187 3589 236 3650 est
258 3603 451 3669 quemquam
475 3587 540 3647 tam
549 3601 737 3666 perversum
749 3581 851 3645 fuisse
863 3585 900 3644 ut
910 3579 1036 3644 fabulas
1048 3599 1128 3645 non-

96 3699 204 3765 nullas
223 3718 241 3764 e
262 3698 448 3764 collectione
469 3696 607 3780 quadam
627 3697 661 3759 in
681 3715 774 3761 suam
794 3692 1010 3777 anthologiam
1022 3713 1124 3777 quum
