<?xml version="1.0" encoding="UTF-8"?>
<!DOCTYPE html PUBLIC "-//W3C//DTD XHTML 1.0 Transitional//EN"
    "http://www.w3.org/TR/xhtml1/DTD/xhtml1-transitional.dtd">
<html xmlns="http://www.w3.org/1999/xhtml" xml:lang="en" lang="en">
 <head>
  <title>
</title>
<meta http-equiv="Content-Type" content="text/html;charset=utf-8" />
  <meta name='ocr-system' content='tesseract 3.04.00' />
  <meta name='ocr-capabilities' content='ocr_page ocr_carea ocr_par ocr_line ocrx_word'/>
</head>
<body>
  <div class='ocr_page' id='page_1' title='image "./dephaedrifabuli00hartgoog_0099.png"; bbox 0 0 2676 4290; ppageno 0'>
   <div class='ocr_carea' id='block_1_1' title="bbox 641 273 685 337">
    <p class='ocr_par' dir='ltr' id='par_1_1' title="bbox 641 273 685 337">
     <span class='ocr_line' id='line_1_1' title="bbox 641 273 685 337; baseline 0 0"><span class='ocrx_word' id='word_1_1' title='bbox 641 273 685 337; x_wconf 90' lang='lat'><strong>88</strong></span> 
     </span>
    </p>
   </div>
   <div class='ocr_carea' id='block_1_2' title="bbox 196 454 836 654">
    <p class='ocr_par' dir='ltr' id='par_1_2' title="bbox 196 454 836 654">
     <span class='ocr_line' id='line_1_2' title="bbox 199 454 836 547; baseline 0.008 -26"><span class='ocrx_word' id='word_1_2' title='bbox 199 454 350 541; x_wconf 87' lang='lat' dir='ltr'><strong>„Repone</strong></span> <span class='ocrx_word' id='word_1_3' title='bbox 372 456 520 523; x_wconf 78' lang='lat' dir='ltr'>Athenas</span> <span class='ocrx_word' id='word_1_4' title='bbox 542 477 613 523; x_wconf 74' lang='lat' dir='ltr'><strong>mm</strong></span> <span class='ocrx_word' id='word_1_5' title='bbox 635 459 836 547; x_wconf 81' lang='lat' dir='ltr'><strong>occuparit&#39;&#39;</strong></span> 
     </span>
     <span class='ocr_line' id='line_1_3' title="bbox 196 569 430 654; baseline 0 -19"><span class='ocrx_word' id='word_1_6' title='bbox 196 569 430 654; x_wconf 50' lang='lat' dir='ltr'><strong>mffidm</strong></span> 
     </span>
    </p>
   </div>
   <div class='ocr_carea' id='block_1_3' title="bbox 196 709 1074 1161">
    <p class='ocr_par' dir='ltr' id='par_1_3' title="bbox 196 709 1074 1161">
     <span class='ocr_line' id='line_1_4' title="bbox 281 709 1074 784; baseline 0.011 -10"><span class='ocrx_word' id='word_1_7' title='bbox 281 709 354 775; x_wconf 90' lang='lat' dir='ltr'><strong>Hoc</strong></span> <span class='ocrx_word' id='word_1_8' title='bbox 375 711 458 776; x_wconf 83' lang='lat' dir='ltr'><strong>vidit</strong></span> <span class='ocrx_word' id='word_1_9' title='bbox 480 710 551 777; x_wconf 88' lang='lat' dir='ltr'><strong>fieri</strong></span> <span class='ocrx_word' id='word_1_10' title='bbox 573 713 726 778; x_wconf 86' lang='lat' dir='ltr'><strong>rusticus.</strong></span> <span class='ocrx_word' id='word_1_11' title='bbox 748 711 825 779; x_wconf 85' lang='lat' dir='ltr'><strong>Non</strong></span> <span class='ocrx_word' id='word_1_12' title='bbox 845 732 898 779; x_wconf 92' lang='lat' dir='ltr'><strong>me</strong></span> <span class='ocrx_word' id='word_1_13' title='bbox 920 714 1074 784; x_wconf 86' lang='lat' dir='ltr'><strong>hercules</strong></span> 
     </span>
     <span class='ocr_line' id='line_1_5' title="bbox 282 824 613 911; baseline 0.003 -23"><span class='ocrx_word' id='word_1_14' title='bbox 282 843 335 890; x_wconf 90' lang='lat' dir='ltr'><strong>me</strong></span> <span class='ocrx_word' id='word_1_15' title='bbox 357 824 475 908; x_wconf 86' lang='lat' dir='ltr'><strong>vincet,</strong></span> <span class='ocrx_word' id='word_1_16' title='bbox 497 826 613 911; x_wconf 89' lang='lat' dir='ltr'><strong>inquit</strong></span> 
     </span>
     <span class='ocr_line' id='line_1_6' title="bbox 196 961 987 1046; baseline 0.004 -19"><span class='ocrx_word' id='word_1_17' title='bbox 196 961 314 1046; x_wconf 86' lang='lat' dir='ltr'><strong>„Recte</strong></span> <span class='ocrx_word' id='word_1_18' title='bbox 335 964 401 1028; x_wconf 88' lang='lat' dir='ltr'><strong>iam</strong></span> <span class='ocrx_word' id='word_1_19' title='bbox 424 962 599 1030; x_wconf 77' lang='lat' dir='ltr'><strong>Heinsius:</strong></span> <span class='ocrx_word' id='word_1_20' title='bbox 622 963 696 1029; x_wconf 91' lang='lat' dir='ltr'><strong>Hoc</strong></span> <span class='ocrx_word' id='word_1_21' title='bbox 717 964 807 1030; x_wconf 84' lang='lat' dir='ltr'><strong>ridet</strong></span> <span class='ocrx_word' id='word_1_22' title='bbox 828 968 865 1031; x_wconf 91' lang='lat' dir='ltr'><strong>ut</strong></span> <span class='ocrx_word' id='word_1_23' title='bbox 886 963 987 1030; x_wconf 85' lang='lat' dir='ltr'><strong>fieri’&#39;</strong></span> 
     </span>
     <span class='ocr_line' id='line_1_7' title="bbox 201 1076 434 1161; baseline -0.004 -20"><span class='ocrx_word' id='word_1_24' title='bbox 201 1076 434 1161; x_wconf 41' lang='lat' dir='ltr'><strong>mssms</strong></span> 
     </span>
    </p>
   </div>
   <div class='ocr_carea' id='block_1_4' title="bbox 197 1213 1057 1920">
    <p class='ocr_par' dir='ltr' id='par_1_4' title="bbox 282 1213 1046 1643">
     <span class='ocr_line' id='line_1_8' title="bbox 284 1213 1046 1304; baseline 0.005 -25"><span class='ocrx_word' id='word_1_25' title='bbox 284 1213 380 1280; x_wconf 83' lang='lat' dir='ltr'><strong>Oanis</strong></span> <span class='ocrx_word' id='word_1_26' title='bbox 405 1236 482 1281; x_wconf 92' lang='lat' dir='ltr'><strong>cum</strong></span> <span class='ocrx_word' id='word_1_27' title='bbox 505 1217 636 1282; x_wconf 90' lang='lat' dir='ltr'><strong>domino</strong></span> <span class='ocrx_word' id='word_1_28' title='bbox 660 1236 785 1302; x_wconf 80' lang='lat' dir='ltr'><strong>semper</strong></span> <span class='ocrx_word' id='word_1_29' title='bbox 806 1217 934 1283; x_wconf 80' lang='lat' dir='ltr'><strong>fecisset</strong></span> <span class='ocrx_word' id='word_1_30' title='bbox 955 1219 1046 1304; x_wconf 89' lang='lat' dir='ltr'><strong>satis,</strong></span> 
     </span>
     <span class='ocr_line' id='line_1_9' title="bbox 282 1330 960 1416; baseline 0.004 -22"><span class='ocrx_word' id='word_1_31' title='bbox 282 1331 438 1415; x_wconf 83' lang='lat' dir='ltr'><strong>languere</strong></span> <span class='ocrx_word' id='word_1_32' title='bbox 462 1332 568 1416; x_wconf 90' lang='lat' dir='ltr'><strong>coepit</strong></span> <span class='ocrx_word' id='word_1_33' title='bbox 590 1333 684 1396; x_wconf 89' lang='lat' dir='ltr'><strong>annis</strong></span> <span class='ocrx_word' id='word_1_34' title='bbox 706 1330 960 1416; x_wconf 81' lang='lat' dir='ltr'><strong>ingravantibus</strong></span> 
     </span>
     <span class='ocr_line' id='line_1_10' title="bbox 286 1444 1028 1531; baseline 0.004 -23"><span class='ocrx_word' id='word_1_35' title='bbox 286 1445 474 1529; x_wconf 77' lang='lat' dir='ltr'><strong>Aliquando</strong></span> <span class='ocrx_word' id='word_1_36' title='bbox 499 1444 644 1510; x_wconf 90' lang='lat' dir='ltr'><strong>obiectus</strong></span> <span class='ocrx_word' id='word_1_37' title='bbox 665 1445 785 1531; x_wconf 87' lang='lat' dir='ltr'><strong>hispidi</strong></span> <span class='ocrx_word' id='word_1_38' title='bbox 806 1464 935 1531; x_wconf 83' lang='lat' dir='ltr'><strong>pugnae</strong></span> <span class='ocrx_word' id='word_1_39' title='bbox 957 1446 1028 1511; x_wconf 86' lang='lat' dir='ltr'><strong>suis</strong></span> 
     </span>
     <span class='ocr_line' id='line_1_11' title="bbox 284 1559 563 1643; baseline 0 -21"><span class='ocrx_word' id='word_1_40' title='bbox 284 1559 420 1643; x_wconf 86' lang='lat' dir='ltr'><strong>arripuit</strong></span> <span class='ocrx_word' id='word_1_41' title='bbox 443 1577 563 1624; x_wconf 88' lang='lat' dir='ltr'><strong>aurem.</strong></span> 
     </span>
    </p>

    <p class='ocr_par' dir='ltr' id='par_1_5' title="bbox 197 1695 1057 1920">
     <span class='ocr_line' id='line_1_12' title="bbox 197 1695 348 1782; baseline 0 -20"><span class='ocrx_word' id='word_1_42' title='bbox 197 1695 348 1782; x_wconf 84' lang='lat' dir='ltr'><strong>„Repoue</strong></span> 
     </span>
     <span class='ocr_line' id='line_1_13' title="bbox 285 1832 1057 1920; baseline 0.001 -22"><span class='ocrx_word' id='word_1_43' title='bbox 285 1833 455 1920; x_wconf 82' lang='lat' dir='ltr'><strong>[anguore</strong></span> <span class='ocrx_word' id='word_1_44' title='bbox 477 1838 515 1900; x_wconf 83' lang='lat' dir='ltr'><strong>ut</strong></span> <span class='ocrx_word' id='word_1_45' title='bbox 536 1835 641 1919; x_wconf 89' lang='lat' dir='ltr'><strong>eoepit</strong></span> <span class='ocrx_word' id='word_1_46' title='bbox 663 1835 758 1899; x_wconf 89' lang='lat' dir='ltr'><strong>annis</strong></span> <span class='ocrx_word' id='word_1_47' title='bbox 780 1832 1057 1919; x_wconf 85' lang='lat' dir='ltr'><strong>ingravantibns&#39;&#39;</strong></span> 
     </span>
    </p>
   </div>
   <div class='ocr_carea' id='block_1_5' title="bbox 151 2031 1188 3717">
    <p class='ocr_par' dir='ltr' id='par_1_6' title="bbox 151 2031 1187 3356">
     <span class='ocr_line' id='line_1_14' title="bbox 195 2031 1187 2118; baseline -0.001 -19"><span class='ocrx_word' id='word_1_48' title='bbox 195 2034 313 2099; x_wconf 91' lang='lat' dir='ltr'><strong>Nonne</strong></span> <span class='ocrx_word' id='word_1_49' title='bbox 341 2036 405 2098; x_wconf 89' lang='lat' dir='ltr'><strong>ista</strong></span> <span class='ocrx_word' id='word_1_50' title='bbox 434 2034 464 2099; x_wconf 88' lang='lat' dir='ltr'><strong>ei</strong></span> <span class='ocrx_word' id='word_1_51' title='bbox 493 2034 568 2118; x_wconf 91' lang='lat' dir='ltr'><strong>quis</strong></span> <span class='ocrx_word' id='word_1_52' title='bbox 588 2033 708 2118; x_wconf 86' lang='lat' dir='ltr'><strong>legeret</strong></span> <span class='ocrx_word' id='word_1_53' title='bbox 731 2033 789 2117; x_wconf 91' lang='lat' dir='ltr'><strong>qui</strong></span> <span class='ocrx_word' id='word_1_54' title='bbox 811 2032 999 2117; x_wconf 83' lang='lat' dir='ltr'><strong>scriptorem</strong></span> <span class='ocrx_word' id='word_1_55' title='bbox 1020 2031 1187 2117; x_wconf 80' lang='lat' dir='ltr'><strong>ignoraret</strong></span> 
     </span>
     <span class='ocr_line' id='line_1_15' title="bbox 153 2147 1185 2234; baseline 0 -20"><span class='ocrx_word' id='word_1_56' title='bbox 153 2151 379 2214; x_wconf 81' lang='lat' dir='ltr'><strong>annotationes</strong></span> <span class='ocrx_word' id='word_1_57' title='bbox 413 2168 483 2214; x_wconf 86' lang='lat' dir='ltr'><strong>esse</strong></span> <span class='ocrx_word' id='word_1_58' title='bbox 505 2153 633 2234; x_wconf 82' lang='lat' dir='ltr'><strong>putaret</strong></span> <span class='ocrx_word' id='word_1_59' title='bbox 656 2147 796 2212; x_wconf 90' lang='lat' dir='ltr'><strong>hominis</strong></span> <span class='ocrx_word' id='word_1_60' title='bbox 815 2147 857 2213; x_wconf 90' lang='lat' dir='ltr'><strong>ad</strong></span> <span class='ocrx_word' id='word_1_61' title='bbox 879 2165 998 2232; x_wconf 89' lang='lat' dir='ltr'><strong>pueros</strong></span> <span class='ocrx_word' id='word_1_62' title='bbox 1021 2147 1185 2214; x_wconf 88' lang='lat' dir='ltr'><strong>docendos</strong></span> 
     </span>
     <span class='ocr_line' id='line_1_16' title="bbox 151 2261 1187 2349; baseline -0.001 -20"><span class='ocrx_word' id='word_1_63' title='bbox 151 2266 254 2349; x_wconf 89' lang='lat' dir='ltr'><strong>magis</strong></span> <span class='ocrx_word' id='word_1_64' title='bbox 290 2284 388 2349; x_wconf 88' lang='lat' dir='ltr'><strong>quam</strong></span> <span class='ocrx_word' id='word_1_65' title='bbox 425 2263 465 2328; x_wconf 86' lang='lat' dir='ltr'><strong>ad</strong></span> <span class='ocrx_word' id='word_1_66' title='bbox 487 2265 640 2348; x_wconf 88' lang='lat' dir='ltr'><strong>antiquos</strong></span> <span class='ocrx_word' id='word_1_67' title='bbox 663 2264 833 2347; x_wconf 87' lang='lat' dir='ltr'><strong>scriptores</strong></span> <span class='ocrx_word' id='word_1_68' title='bbox 855 2261 995 2327; x_wconf 86' lang='lat' dir='ltr'><strong>edendos</strong></span> <span class='ocrx_word' id='word_1_69' title='bbox 1018 2263 1104 2347; x_wconf 88' lang='lat' dir='ltr'><strong>apti;</strong></span> <span class='ocrx_word' id='word_1_70' title='bbox 1129 2264 1187 2348; x_wconf 88' lang='lat' dir='ltr'><strong>qui</strong></span> 
     </span>
     <span class='ocr_line' id='line_1_17' title="bbox 151 2375 1185 2463; baseline 0 -21"><span class='ocrx_word' id='word_1_71' title='bbox 151 2383 279 2463; x_wconf 72' lang='lat' dir='ltr'><strong>poetam</strong></span> <span class='ocrx_word' id='word_1_72' title='bbox 317 2377 358 2442; x_wconf 88' lang='lat' dir='ltr'><strong>ad</strong></span> <span class='ocrx_word' id='word_1_73' title='bbox 394 2381 497 2442; x_wconf 85' lang='lat' dir='ltr'><strong>certas</strong></span> <span class='ocrx_word' id='word_1_74' title='bbox 533 2376 689 2462; x_wconf 88' lang='lat' dir='ltr'><strong>quasdam</strong></span> <span class='ocrx_word' id='word_1_75' title='bbox 724 2377 803 2441; x_wconf 86' lang='lat' dir='ltr'><strong>artis</strong></span> <span class='ocrx_word' id='word_1_76' title='bbox 836 2375 1064 2461; x_wconf 85' lang='lat' dir='ltr'><strong>grammaticae</strong></span> <span class='ocrx_word' id='word_1_77' title='bbox 1097 2377 1185 2462; x_wconf 88' lang='lat' dir='ltr'><strong>leges</strong></span> 
     </span>
     <span class='ocr_line' id='line_1_18' title="bbox 152 2489 1185 2578; baseline -0.004 -19"><span class='ocrx_word' id='word_1_78' title='bbox 152 2495 282 2578; x_wconf 83' lang='lat' dir='ltr'><strong>exigere</strong></span> <span class='ocrx_word' id='word_1_79' title='bbox 305 2493 415 2557; x_wconf 85' lang='lat' dir='ltr'><strong>mallet</strong></span> <span class='ocrx_word' id='word_1_80' title='bbox 438 2512 536 2577; x_wconf 90' lang='lat' dir='ltr'><strong>quam</strong></span> <span class='ocrx_word' id='word_1_81' title='bbox 554 2496 667 2577; x_wconf 71' lang='lat' dir='ltr'><strong>poetae</strong></span> <span class='ocrx_word' id='word_1_82' title='bbox 688 2511 785 2556; x_wconf 90' lang='lat' dir='ltr'><strong>usum</strong></span> <span class='ocrx_word' id='word_1_83' title='bbox 798 2489 838 2555; x_wconf 90' lang='lat' dir='ltr'><strong>ab</strong></span> <span class='ocrx_word' id='word_1_84' title='bbox 850 2490 1026 2575; x_wconf 76' lang='lat' dir='ltr'><strong>ipsopodta</strong></span> <span class='ocrx_word' id='word_1_85' title='bbox 1038 2490 1185 2556; x_wconf 83' lang='lat' dir='ltr'><strong>discere?</strong></span> 
     </span>
     <span class='ocr_line' id='line_1_19' title="bbox 153 2602 1185 2690; baseline -0.002 -18"><span class='ocrx_word' id='word_1_86' title='bbox 153 2605 240 2684; x_wconf 79' lang='lat' dir='ltr'><strong>Quid</strong></span> <span class='ocrx_word' id='word_1_87' title='bbox 263 2608 349 2673; x_wconf 91' lang='lat' dir='ltr'><strong>enim</strong></span> <span class='ocrx_word' id='word_1_88' title='bbox 373 2606 503 2671; x_wconf 89' lang='lat' dir='ltr'><strong>facilius</strong></span> <span class='ocrx_word' id='word_1_89' title='bbox 526 2605 590 2670; x_wconf 87' lang='lat' dir='ltr'><strong>fuit</strong></span> <span class='ocrx_word' id='word_1_90' title='bbox 613 2625 711 2690; x_wconf 89' lang='lat' dir='ltr'><strong>quam</strong></span> <span class='ocrx_word' id='word_1_91' title='bbox 735 2606 816 2689; x_wconf 89' lang='lat' dir='ltr'><strong>ipsis</strong></span> <span class='ocrx_word' id='word_1_92' title='bbox 838 2603 905 2668; x_wconf 90' lang='lat' dir='ltr'><strong>illis</strong></span> <span class='ocrx_word' id='word_1_93' title='bbox 927 2602 1078 2669; x_wconf 81' lang='lat' dir='ltr'><strong>versibus</strong></span> <span class='ocrx_word' id='word_1_94' title='bbox 1102 2623 1185 2689; x_wconf 87' lang='lat' dir='ltr'><strong>quoe</strong></span> 
     </span>
     <span class='ocr_line' id='line_1_20' title="bbox 153 2718 1184 2806; baseline -0.003 -20"><span class='ocrx_word' id='word_1_95' title='bbox 153 2720 256 2805; x_wconf 82' lang='lat' dir='ltr'><strong>attuli,</strong></span> <span class='ocrx_word' id='word_1_96' title='bbox 290 2740 438 2806; x_wconf 89' lang='lat' dir='ltr'><strong>quosque</strong></span> <span class='ocrx_word' id='word_1_97' title='bbox 468 2720 591 2785; x_wconf 76' lang='lat' dir='ltr'><strong>frustm</strong></span> <span class='ocrx_word' id='word_1_98' title='bbox 621 2718 810 2784; x_wconf 88' lang='lat' dir='ltr'><strong>aBentleio</strong></span> <span class='ocrx_word' id='word_1_99' title='bbox 832 2721 971 2783; x_wconf 82' lang='lat' dir='ltr'><strong>tentatos</strong></span> <span class='ocrx_word' id='word_1_100' title='bbox 995 2736 1067 2783; x_wconf 88' lang='lat' dir='ltr'><strong>esse</strong></span> <span class='ocrx_word' id='word_1_101' title='bbox 1089 2737 1184 2784; x_wconf 93' lang='lat' dir='ltr'><strong>nemo</strong></span> 
     </span>
     <span class='ocr_line' id='line_1_21' title="bbox 153 2828 1186 2918; baseline -0.001 -19"><span class='ocrx_word' id='word_1_102' title='bbox 153 2837 218 2900; x_wconf 90' lang='lat' dir='ltr'><strong>iam</strong></span> <span class='ocrx_word' id='word_1_103' title='bbox 248 2839 354 2918; x_wconf 85' lang='lat' dir='ltr'><strong>negat,</strong></span> <span class='ocrx_word' id='word_1_104' title='bbox 384 2836 434 2898; x_wconf 88' lang='lat' dir='ltr'><strong>uti</strong></span> <span class='ocrx_word' id='word_1_105' title='bbox 465 2834 505 2899; x_wconf 88' lang='lat' dir='ltr'><strong>ad</strong></span> <span class='ocrx_word' id='word_1_106' title='bbox 528 2832 814 2899; x_wconf 88' lang='lat' dir='ltr'><strong>demonstrandum</strong></span> <span class='ocrx_word' id='word_1_107' title='bbox 837 2831 871 2896; x_wconf 81' lang='grc' dir='ltr'><strong>τὸ</strong></span> <span class='ocrx_word' id='word_1_108' title='bbox 893 2828 1054 2896; x_wconf 64' lang='lat' dir='ltr'><strong>dotatam</strong></span> <span class='ocrx_word' id='word_1_109' title='bbox 1077 2836 1109 2897; x_wconf 88' lang='lat' dir='ltr'><strong>et</strong></span> <span class='ocrx_word' id='word_1_110' title='bbox 1131 2853 1186 2898; x_wconf 90' lang='lat' dir='ltr'><strong>su·</strong></span> 
     </span>
     <span class='ocr_line' id='line_1_22' title="bbox 154 2943 1185 3013; baseline -0.003 0"><span class='ocrx_word' id='word_1_111' title='bbox 154 2947 238 3013; x_wconf 88' lang='lat' dir='ltr'><strong>bitas</strong></span> <span class='ocrx_word' id='word_1_112' title='bbox 260 2946 300 3012; x_wconf 88' lang='lat' dir='ltr'><strong>ab</strong></span> <span class='ocrx_word' id='word_1_113' title='bbox 324 2947 387 3011; x_wconf 91' lang='lat' dir='ltr'><strong>alio</strong></span> <span class='ocrx_word' id='word_1_114' title='bbox 409 2948 450 3012; x_wconf 90' lang='lat' dir='ltr'><strong>ad</strong></span> <span class='ocrx_word' id='word_1_115' title='bbox 473 2947 561 3012; x_wconf 92' lang='lat' dir='ltr'><strong>aliud</strong></span> <span class='ocrx_word' id='word_1_116' title='bbox 584 2945 766 3011; x_wconf 85' lang='lat' dir='ltr'><strong>subiectum</strong></span> <span class='ocrx_word' id='word_1_117' title='bbox 789 2943 1185 3011; x_wconf 86' lang='lat' dir='ltr'><strong>transitionesaPhaedro</strong></span> 
     </span>
     <span class='ocr_line' id='line_1_23' title="bbox 154 3055 1186 3144; baseline -0.003 -16"><span class='ocrx_word' id='word_1_118' title='bbox 154 3081 226 3128; x_wconf 88' lang='lat' dir='ltr'><strong>esse</strong></span> <span class='ocrx_word' id='word_1_119' title='bbox 259 3059 401 3126; x_wconf 88' lang='lat' dir='ltr'><strong>adhibita</strong></span> <span class='ocrx_word' id='word_1_120' title='bbox 436 3061 475 3125; x_wconf 91' lang='lat' dir='ltr'><strong>ad</strong></span> <span class='ocrx_word' id='word_1_121' title='bbox 513 3062 689 3126; x_wconf 91' lang='lat' dir='ltr'><strong>orationem</strong></span> <span class='ocrx_word' id='word_1_122' title='bbox 723 3058 968 3125; x_wconf 79' lang='lat' dir='ltr'><strong>exornandam?</strong></span> <span class='ocrx_word' id='word_1_123' title='bbox 1003 3055 1097 3134; x_wconf 80' lang='lat' dir='ltr'><strong>Quod</strong></span> <span class='ocrx_word' id='word_1_124' title='bbox 1128 3060 1186 3144; x_wconf 89' lang='lat' dir='ltr'><strong>qui</strong></span> 
     </span>
     <span class='ocr_line' id='line_1_24' title="bbox 156 3173 1186 3260; baseline -0.003 -18"><span class='ocrx_word' id='word_1_125' title='bbox 156 3177 254 3242; x_wconf 89' lang='lat' dir='ltr'><strong>semel</strong></span> <span class='ocrx_word' id='word_1_126' title='bbox 288 3175 472 3240; x_wconf 82' lang='lat' dir='ltr'><strong>observavit</strong></span> <span class='ocrx_word' id='word_1_127' title='bbox 505 3194 573 3238; x_wconf 90' lang='lat' dir='ltr'><strong>non</strong></span> <span class='ocrx_word' id='word_1_128' title='bbox 606 3178 710 3260; x_wconf 86' lang='lat' dir='ltr'><strong>potest</strong></span> <span class='ocrx_word' id='word_1_129' title='bbox 745 3174 826 3260; x_wconf 90' lang='lat' dir='ltr'><strong>quin</strong></span> <span class='ocrx_word' id='word_1_130' title='bbox 860 3173 969 3238; x_wconf 84' lang='lat' dir='ltr'><strong>videat</strong></span> <span class='ocrx_word' id='word_1_131' title='bbox 1003 3174 1186 3259; x_wconf 86' lang='lat' dir='ltr'><strong>sentiatque</strong></span> 
     </span>
     <span class='ocr_line' id='line_1_25' title="bbox 155 3288 829 3356; baseline -0.001 0"><span class='ocrx_word' id='word_1_132' title='bbox 155 3291 243 3356; x_wconf 89' lang='lat' dir='ltr'><strong>haud</strong></span> <span class='ocrx_word' id='word_1_133' title='bbox 266 3292 456 3356; x_wconf 86' lang='lat' dir='ltr'><strong>invenustos</strong></span> <span class='ocrx_word' id='word_1_134' title='bbox 478 3289 552 3354; x_wconf 89' lang='lat' dir='ltr'><strong>illos</strong></span> <span class='ocrx_word' id='word_1_135' title='bbox 574 3308 645 3355; x_wconf 88' lang='lat' dir='ltr'><strong>esse</strong></span> <span class='ocrx_word' id='word_1_136' title='bbox 666 3288 829 3355; x_wconf 81' lang='lat' dir='ltr'><strong>flosculos</strong></span> 
     </span>
    </p>

    <p class='ocr_par' dir='ltr' id='par_1_7' title="bbox 157 3401 1188 3717">
     <span class='ocr_line' id='line_1_26' title="bbox 202 3401 1187 3487; baseline -0.001 -18"><span class='ocrx_word' id='word_1_137' title='bbox 202 3403 296 3480; x_wconf 74' lang='lat' dir='ltr'><strong>Quod</strong></span> <span class='ocrx_word' id='word_1_138' title='bbox 321 3409 428 3469; x_wconf 86' lang='lat' dir='ltr'><strong>autem</strong></span> <span class='ocrx_word' id='word_1_139' title='bbox 452 3403 599 3469; x_wconf 89' lang='lat' dir='ltr'><strong>Bentleio</strong></span> <span class='ocrx_word' id='word_1_140' title='bbox 624 3402 735 3467; x_wconf 90' lang='lat' dir='ltr'><strong>obiicit</strong></span> <span class='ocrx_word' id='word_1_141' title='bbox 756 3401 880 3467; x_wconf 87' lang='lat' dir='ltr'><strong>Harius</strong></span> <span class='ocrx_word' id='word_1_142' title='bbox 901 3402 1092 3487; x_wconf 84' lang='lat' dir='ltr'><strong>prudentem</strong></span> <span class='ocrx_word' id='word_1_143' title='bbox 1113 3421 1187 3468; x_wconf 91' lang='lat' dir='ltr'><strong>eum</strong></span> 
     </span>
     <span class='ocr_line' id='line_1_27' title="bbox 158 3516 1188 3603; baseline -0.001 -20"><span class='ocrx_word' id='word_1_144' title='bbox 158 3519 230 3584; x_wconf 89' lang='lat' dir='ltr'><strong>aliis</strong></span> <span class='ocrx_word' id='word_1_145' title='bbox 265 3538 324 3583; x_wconf 89' lang='lat' dir='ltr'><strong>sua</strong></span> <span class='ocrx_word' id='word_1_146' title='bbox 360 3518 556 3603; x_wconf 88' lang='lat' dir='ltr'><strong>surripuisse</strong></span> <span class='ocrx_word' id='word_1_147' title='bbox 590 3519 732 3599; x_wconf 84' lang='lat' dir='ltr'><strong>inventa,</strong></span> <span class='ocrx_word' id='word_1_148' title='bbox 766 3516 806 3581; x_wconf 90' lang='lat' dir='ltr'><strong>de</strong></span> <span class='ocrx_word' id='word_1_149' title='bbox 841 3534 878 3581; x_wconf 90' lang='lat' dir='ltr'><strong>ea</strong></span> <span class='ocrx_word' id='word_1_150' title='bbox 908 3535 943 3582; x_wconf 88' lang='lat' dir='ltr'><strong>re</strong></span> <span class='ocrx_word' id='word_1_151' title='bbox 974 3534 1058 3601; x_wconf 89' lang='lat' dir='ltr'><strong>quae</strong></span> <span class='ocrx_word' id='word_1_152' title='bbox 1080 3534 1188 3601; x_wconf 89' lang='lat' dir='ltr'><strong>neque</strong></span> 
     </span>
     <span class='ocr_line' id='line_1_28' title="bbox 157 3628 1110 3717; baseline -0.002 -21"><span class='ocrx_word' id='word_1_153' title='bbox 157 3629 285 3717; x_wconf 88' lang='lat' dir='ltr'><strong>probari</strong></span> <span class='ocrx_word' id='word_1_154' title='bbox 307 3631 371 3696; x_wconf 88' lang='lat' dir='ltr'><strong>iam</strong></span> <span class='ocrx_word' id='word_1_155' title='bbox 395 3635 500 3716; x_wconf 90' lang='lat' dir='ltr'><strong>potest</strong></span> <span class='ocrx_word' id='word_1_156' title='bbox 523 3649 630 3715; x_wconf 92' lang='lat' dir='ltr'><strong>neque</strong></span> <span class='ocrx_word' id='word_1_157' title='bbox 652 3628 785 3695; x_wconf 87' lang='lat' dir='ltr'><strong>refutari</strong></span> <span class='ocrx_word' id='word_1_158' title='bbox 808 3630 910 3696; x_wconf 90' lang='lat' dir='ltr'><strong>satius</strong></span> <span class='ocrx_word' id='word_1_159' title='bbox 929 3634 978 3695; x_wconf 90' lang='lat' dir='ltr'><strong>est</strong></span> <span class='ocrx_word' id='word_1_160' title='bbox 997 3634 1110 3695; x_wconf 87' lang='lat' dir='ltr'><strong>tacere.</strong></span> 
     </span>
    </p>
   </div>
   <div class='ocr_carea' id='block_1_6' title="bbox 0 0 1350 4290">
    <p class='ocr_par' dir='ltr' id='par_1_8' title="bbox 0 0 1350 4290">
     <span class='ocr_line' id='line_1_29' title="bbox 0 0 1350 4290; baseline 0 0"><span class='ocrx_word' id='word_1_161' title='bbox 0 0 1350 4290; x_wconf 95' lang='lat' dir='ltr'><strong> </strong></span> 
     </span>
    </p>
   </div>
  </div>
 </body>
</html>
