2676 4290
490 1126 707 1204 CAPUT
751 1127 781 1202 Ι.

541 1379 736 1389 ———

441 1571 479 1630 τίς
495 1571 563 1623 πόθεν
579 1568 726 1634 ’ὄπ’ἇνδρῶν,
743 1570 795 1622 πόθι
812 1588 850 1620 τοι
869 1572 939 1626 πόλις
958 1567 999 1628 aa
1016 1570 1112 1627 τοκῆες

169 1716 209 1781 In
233 1717 342 1783 densis
363 1716 441 1782 latet
463 1715 601 1782 Phaedri
624 1717 691 1781 vita
710 1715 858 1782 tenebris.
878 1714 1025 1780 Primum
1043 1733 1150 1800 neque

126 1851 248 1896 annum
270 1831 408 1896 natalem
432 1833 503 1898 eius
520 1831 674 1916 indagare
693 1849 875 1915 possumus,
894 1848 1001 1914 neque
1022 1829 1149 1914 quando

126 1947 210 2012 diem
241 1946 355 2012 obierit
384 1967 572 2032 supremum
602 1951 735 2011 constat
765 1946 874 2030 Atque
905 1945 989 2010 hano
1020 1944 1151 2030 quidem

125 2061 359 2146 ignorationem
390 2079 493 2145 aequo
516 2061 624 2125 animo
647 2059 791 2142 ierimus,
816 2060 970 2144 quoniam
993 2057 1152 2124 eiusmodi

127 2178 205 2239 sunt
236 2173 373 2239 Phaedri
403 2175 521 2259 eoripta
552 2178 588 2238 ut
619 2173 660 2237 ad
691 2191 728 2237 ea
757 2171 965 2257 intelligenda
987 2172 1046 2235 vix
1071 2190 1153 2255 opus

128 2305 198 2352 esse
217 2287 365 2352 videatur
384 2293 564 2352 accuratam
585 2291 766 2370 temporum
782 2287 938 2350 rationem
955 2285 1153 2369 inpromptu

127 2399 252 2467 habere.
275 2400 361 2466 Illud
381 2401 512 2486 gravius
532 2400 620 2485 quod
640 2420 704 2486 qua
722 2399 820 2464 fuerit
839 2400 1152 2466 nationenesoimue.

130 2513 224 2592 Quod
255 2517 283 2582 ei
311 2517 384 2601 quis
410 2535 429 2580 a
457 2533 509 2580 me
535 2514 657 2579 dietum
680 2514 824 2599 miretur,
843 2514 931 2580 huno
954 2514 1152 2580 admonitum
1276 2550 1278 2554 Α

129 2629 227 2694 velim
257 2629 337 2693 mihi
371 2629 471 2714 vulgo
501 2649 616 2713 parum
646 2634 730 2695 reete
766 2629 920 2715 explicari
951 2629 1052 2694 videri
1083 2648 1153 2695 ver·

130 2762 188 2808 sue
219 2742 275 2829 qui
298 2742 449 2808 odiliam
471 2761 539 2808 rem
562 2744 730 2828 pertinent
749 2742 839 2810 Haeo
859 2745 945 2810 enim
967 2744 1006 2809 de
1030 2745 1153 2830 origine

130 2875 192 2922 sua
215 2857 310 2921 tradit
333 2860 441 2921 noster
463 2854 525 2938 (ΙΠ
546 2854 703 2921 Praefatio
728 2857 889 2940 17-23):

217 3018 286 3105 Ego
309 3037 405 3104 quem
427 3018 534 3085 Pierio
557 3024 659 3086 mater
682 3021 809 3086 enixaet
831 3021 908 3106 iugo

215 3134 249 3199 in
274 3153 338 3218 quo
362 3136 487 3200 tonanti
510 3141 619 3200 saneta
642 3133 854 3218 Mnemosyne
876 3135 947 3200 Iovi

214 3248 353 3316 fecunda
376 3251 488 3317 novies
510 3252 627 3316 artium
652 3252 775 3337 peperit
798 3253 939 3335 chorum,

218 3366 366 3450 quamvis
388 3367 424 3429 in
446 3366 517 3451 ipsa
538 3384 640 3451 paene
661 3369 758 3431 natue
781 3368 841 3431 eim
866 3365 974 3431 eohola

217 3497 392 3563 curamque
413 3478 553 3543 habendi
574 3479 703 3564 penitus
726 3480 821 3544 eorde
843 3481 993 3545 eraserim

218 3595 249 3656 et
271 3591 366 3657 laude
388 3592 557 3674 inviotaff)
580 3594 679 3657 vitam
701 3594 738 3656 in
760 3593 843 3658 hano
865 3592 1077 3680 incubuerim,

216 3702 380 3772 fastidiose
402 3710 509 3771 tamen
531 3707 568 3769 in
591 3709 717 3772 coetum
742 3706 885 3792 recipior.

1034 3817 1049 3870 1
