2676 4290
642 335 662 400 5

149 515 276 582 meam'’
311 536 381 584 eam
414 519 480 584 vim
515 520 670 588 haberent
700 542 797 608 quam
828 521 1017 589 Schwabius
1048 523 1175 590 voluit?

149 629 265 696 Nonne
300 633 347 698 sic
376 631 459 699 fere:
492 635 600 720 ,quod
629 637 665 700 in
695 635 820 701 delectu
849 635 1033 702 fabularum
1056 636 1175 723 Aesopi

149 744 306 829 quaedam
339 765 405 811 non
439 748 587 833 praeterii
622 749 678 815 ssd
712 749 767 814 illa
803 768 933 835 quoque
962 729 998 813 in
1028 749 1174 836 syllogon

147 877 251 925 meam
280 862 396 947 recepi,
426 861 460 926 id
487 861 567 927 mihi
590 864 688 929 exitio
711 861 819 928 fuit?”
843 863 906 930 Sed
931 866 1004 949 quis
1028 883 1173 950 unquam

146 972 329 1039 mortalium
352 977 418 1039 tam
441 973 577 1042 obscure
599 980 731 1061 tamque
753 977 861 1062 inepte
882 977 1012 1043 locutus
1036 977 1108 1043 est?
1129 976 1174 1044 Ut

144 1088 257 1172 paucis
280 1086 385 1154 verbis
404 1108 472 1155 rem
492 1088 668 1174 conficiam,
688 1109 796 1156 nonne
817 1090 878 1156 hoc
898 1092 975 1157 dicit
987 1091 1172 1158 Phaedrus:

148 1220 267 1283 ,unam
290 1200 487 1288 alteramque
508 1202 649 1268 fabulam
672 1204 744 1270 ideo
768 1204 871 1291 delegi
893 1209 924 1270 et
943 1206 979 1268 in
998 1223 1172 1291 corpuscu-

143 1312 213 1378 lum
242 1333 352 1380 meum
374 1317 478 1401 recepi
503 1317 591 1401 quod
612 1316 699 1381 haud
722 1318 830 1404 inepto
852 1318 892 1383 ad
916 1336 1019 1384 meam
1043 1319 1172 1384 calami-

142 1431 241 1494 tatem
270 1427 382 1494 referri
412 1448 507 1515 posse
538 1429 748 1495 videretur?”
781 1429 883 1508 Quam
915 1432 981 1496 vim
1014 1434 1043 1497 si
1066 1431 1173 1499 verbis

143 1542 248 1606 citans
266 1542 372 1608 inesse
391 1543 471 1607 mihi
490 1543 694 1627 concesseris,
714 1544 802 1628 quid,
821 1543 943 1629 Lector,
965 1543 1070 1610 obstat
1089 1565 1170 1632 quo·

142 1656 253 1721 minus
282 1655 450 1722 credamus
477 1658 614 1724 iniurias
639 1657 760 1743 quibus
781 1658 949 1725 Phaedrus
972 1658 1105 1725 affectus
1129 1662 1171 1726 sit

143 1771 276 1836 minime
300 1789 318 1836 e
341 1770 502 1837 scribendi
523 1790 641 1857 genere
659 1791 724 1857 quo
743 1770 798 1836 ille
817 1792 898 1838 usus
918 1773 1072 1838 situatas
1091 1792 1170 1859 esse,

134 1885 198 1952 'sed
229 1885 312 1951 hanc
342 1885 444 1951 solam
472 1886 557 1952 inter
586 1887 723 1952 iniurias
752 1885 943 1971 fabulasque
973 1887 1170 1955 intercedere

140 2002 297 2066 rationem
330 2000 417 2086 quod
446 1999 562 2066 harum
592 2020 658 2065 una
681 2000 844 2086 alteraque
867 2000 939 2066 illas
964 2000 1169 2086 depinxerit?

142 2113 187 2180 Ut
221 2115 368 2202 exemplo
404 2116 595 2181 sententiam
629 2133 733 2180 meam
766 2114 935 2199 illustrem,
970 2116 1043 2200 quis
1074 2118 1169 2201 neget

137 2227 211 2311 fieri
226 2248 318 2315 posse
339 2232 378 2294 ut
401 2228 440 2293 ab
464 2228 573 2314 aliquo
595 2228 826 2294 calumniatore
849 2227 888 2293 de
908 2247 1006 2294 causa
1025 2228 1115 2293 civili
1132 2229 1168 2294 in

138 2343 191 2408 ius
212 2347 324 2429 raptus
346 2341 514 2409 Phaedrus
535 2342 689 2428 falsisque
711 2343 952 2408 circumventus
975 2342 1167 2408 testimoniis

139 2477 290 2544 magnam
321 2458 491 2544 pecuniam
519 2459 642 2523 iniusto
664 2458 792 2543 petitori
815 2457 940 2523 solvere
962 2458 1004 2523 sit
1026 2461 1166 2542 coactus,

139 2571 255 2638 deinde
285 2590 349 2657 quo
380 2572 545 2637 tristitiam
572 2591 663 2636 suam
686 2571 906 2637 consolaretur
927 2571 1166 2656 pemiciemqus

139 2705 199 2752 suo
232 2687 463 2770 imprecaretur
494 2685 626 2750 inimico
660 2682 803 2749 fabulam
834 2685 997 2770 scripserit
1026 2684 1066 2750 de
1097 2703 1166 2769 ove,

139 2818 218 2866 cans
252 2805 284 2865 et
316 2800 393 2884 lupo
428 2799 464 2884 (I,
500 2798 577 2881 lit?
606 2797 725 2864 Levem
747 2798 831 2864 hanc
854 2817 925 2864 esse
948 2798 1165 2883 suspicionem

136 2913 359 2980 lubentissime
385 2913 542 2994 concedo,
566 2911 662 2977 habet
685 2917 792 2977 tamen
816 2931 881 2997 quo
905 2931 940 2978 se
963 2910 1165 2977 commendet

137 3028 182 3092 ita
211 3032 250 3092 ut
279 3027 443 3112 ahquanto
472 3026 666 3112 probabihor
695 3026 843 3092 videatur
871 3046 967 3111 quam
990 3029 1086 3091 vetus
1107 3025 1165 3091 illa

61 3169 64 3174 ¹
137 3143 321 3207 coniectura
355 3140 394 3206 de
427 3140 573 3206 Phaedro
607 3143 736 3225 propter
765 3141 897 3205 nimiam
929 3142 964 3204 in
995 3136 1163 3204 scribendo

135 3255 297 3321 licentiam
332 3255 507 3321 maiestahs
541 3254 760 3319 condemnato.
795 3253 849 3320 Sic
883 3256 968 3319 enim
1003 3251 1162 3318 Romulus
1232 3231 1236 3239 ⁸

135 3372 245 3434 narrat
285 3368 312 3453 I,
352 3370 374 3433 4
416 3369 500 3453 (utor
532 3367 672 3435 editione
706 3388 803 3454 quam
837 3369 963 3433 curavit
997 3365 1163 3450 Oesterley

134 3482 240 3550 Berol.
269 3483 384 3566 1870):
832 3490 834 3494 ’

269 3597 365 3665 Oanis
406 3598 625 3664 calumniosus
668 3597 751 3664 dixit
786 3595 894 3664 deberi
929 3595 992 3662 sibi
1025 3594 1065 3661 ab
1101 3614 1162 3661 ove

220 3732 336 3799 panem
360 3732 457 3800 quem
480 3714 609 3780 dederat
631 3717 791 3779 mutuum.
812 3708 1032 3778 Contendebat
1050 3713 1158 3776 antem
1191 3727 1194 3734 ·
