2676 4290
642 209 684 271 32

160 413 256 477 quem
284 393 429 477 undique
459 393 667 458 circumstant
690 395 850 479 pericula3
873 398 1001 479 patroni
1021 415 1099 480 ergo
1123 398 1180 461 im·

155 505 258 589 plorat
286 507 454 571 auxilium.
480 506 625 588 „Exhibe
647 510 737 572 vocis
758 505 878 572 fidem'’
903 510 1074 591 exclamat3
1103 510 1180 591 „mi-

155 624 238 686 seria
259 624 343 686 vires
366 639 453 684 meas
476 621 589 705 fregit3
613 625 754 706 graviter
779 643 831 688 me
855 627 959 688 tutare
982 623 1104 687 iudicio
1116 627 1180 688 tuo.

155 734 337 799 Noxiorum
371 753 499 819 premor
533 736 712 818 calumniis,
743 756 824 820 quos
853 742 959 801 amen
981 755 1105 800 memor
1126 756 1181 800 an·

155 849 239 933 tiqui
279 850 440 932 praecepti
482 850 605 934 „palam
640 851 773 915 muttire
806 850 931 934 plebeio
963 849 1180 933 piaculumst’'

154 963 319 1026 nominare
340 981 406 1025 non
428 961 561 1026 audeo.’'
584 961 754 1028 Probabile
776 981 851 1047 ergo
875 968 924 1028 est
944 967 1071 1046 potitam
1092 964 1181 1026 inco-

155 1075 276 1139 lumem
308 1094 349 1139 ex
379 1075 444 1139 illis
467 1075 584 1140 abiisse
605 1076 767 1160 periculis,
790 1082 822 1141 et
841 1077 914 1141 ideo
938 1095 1039 1160 quum
1062 1075 1182 1139 librum

154 1206 252 1251 suum
276 1186 396 1271 publici
419 1189 499 1252 iuris
521 1188 639 1253 faceret
660 1207 777 1252 novam
800 1188 930 1272 quidem
950 1187 1182 1252 dedicationem

154 1299 332 1381 (Phaedrus
354 1301 394 1364 ad
418 1298 613 1382 Eutychum)
637 1300 807 1384 addidisse,
831 1301 887 1365 sed
909 1306 1016 1365 tamen
1040 1306 1182 1366 veterem

156 1414 270 1498 (potita)
292 1413 430 1479 abiicere
452 1413 604 1497 noluisse,
628 1415 746 1498 quippe
769 1433 852 1498 quae
871 1415 901 1477 ei
919 1414 1184 1478 ridereturhaud

156 1528 352 1612 spernendae
374 1528 451 1591 artis
474 1545 564 1609 opus.
587 1528 697 1611 Atque
720 1547 758 1592 ea
775 1546 872 1592 causa
890 1530 940 1591 est
958 1546 1017 1591 cur
1036 1529 1183 1592 mimime

156 1642 312 1705 assentiar
332 1638 433 1704 Haric
456 1638 628 1703 affirmanti
650 1641 812 1726 epilogum
836 1641 948 1724 (po‘e'ta)
971 1639 1012 1702 ad
1034 1638 1182 1704 Particu-

153 1756 260 1819 lonem
296 1755 450 1837 scriptum
484 1771 562 1817 esse.
584 1751 772 1819 Absurdum
796 1755 882 1818 enim
905 1752 1031 1819 videtur
1052 1759 1182 1837 potitam

151 1870 291 1952 primum
314 1867 484 1932 consilium
507 1867 629 1949 cepisse
651 1865 770 1930 librum
793 1886 889 1931 suum
910 1868 1182 1950 etsemetipsum

154 1981 353 2046 Particuloni
368 1985 534 2063 tamquam
545 1982 678 2063 patrono
691 1980 789 2044 alicui
801 1980 1053 2062 commendandi,
1065 1980 1183 2044 deinde

152 2096 208 2159 illo
231 2095 352 2160 abiecto
376 2093 510 2157 consilio
535 2111 662 2157 carmen
686 2093 817 2177 quidem
839 2093 1183 2158 dedicatoriumsemel

156 2209 309 2291 scriptum
331 2206 502 2270 retinuisse
525 2205 581 2268 sed
604 2204 692 2269 aliud
716 2204 876 2270 addidisse
899 2224 963 2289 quo
987 2209 1074 2269 totus
1095 2205 1182 2270 liber

156 2320 304 2402 Eutycho
327 2337 416 2384 sacer
436 2317 536 2383 fieret.
559 2317 754 2382 Fabulamm
776 2322 884 2383 autem
906 2318 1004 2383 huius
1014 2317 1089 2382 libri
1101 2338 1182 2402 qua·

154 2439 229 2497 tuor
251 2437 328 2497 sunt
350 2449 483 2516 genera:

234 2545 259 2610 L
282 2544 424 2609 Fabulae
457 2544 596 2628 „Aesopi
625 2542 720 2607 stilc''
744 2543 784 2608 de
806 2543 1015 2609 animalibus:
1040 2546 1070 2626 2,
1094 2545 1123 2628 6,
1149 2546 1166 2607 7

284 2660 335 2742 12,
359 2659 410 2740 13,
434 2658 560 2741 15,16,
584 2658 634 2721 18.

215 2771 257 2836 IL
280 2771 421 2836 Fabulae
454 2769 494 2835 ab
527 2771 649 2854 Aesopi
679 2770 752 2835 stilo
782 2790 849 2834 non
872 2770 968 2855 longe
989 2772 1174 2836 recedentes

285 2885 313 2968 1,
336 2886 367 2967 4,
390 2885 421 2968 8,
446 2884 496 2967 11,
522 2884 571 2947 17.

201 2999 260 3064 ΠΙ.
283 2999 491 3064 Narrationes
516 2997 555 3063 de
577 2997 707 3083 Aesopo
731 3001 764 3063 et
785 2996 914 3063 Socrate
934 2999 964 3081 3,
977 2999 1006 3082 b,
1018 2998 1047 3082 9,
1061 2998 1112 3082 14,
1126 2999 1169 3063 19

203 3110 260 3176 IV.
283 3131 350 3176 una
373 3110 513 3175 narratio
536 3129 579 3175 ex
601 3114 713 3194 potitae
735 3114 836 3176 aetate
860 3110 911 3174 lo.

193 3334 311 3401 Poetae
345 3334 465 3399 fiducia
502 3339 534 3398 et
567 3335 620 3400 sui
655 3336 821 3399 admiratio
853 3354 936 3419 quac
959 3337 1049 3420 prius
1072 3336 1178 3401 lenem

148 3450 253 3513 risum
276 3447 426 3513 movebat
450 3451 601 3532 quartum
624 3448 688 3510 iarn
707 3447 825 3512 librum
845 3447 1026 3533 legentibus
1038 3447 1178 3514 absurda

152 3562 350 3646 molestaque
374 3561 477 3627 videri
499 3562 629 3645 incipit3
653 3561 817 3626 interdum
839 3563 980 3627 insanire
992 3580 1067 3627 cum
1080 3562 1177 3628 dicas.
