2676 4290
646 334 688 397 95

197 519 364 585 Bentleius
386 519 530 585 tabellam
549 540 606 605 pro
627 519 764 585 libellum
775 520 912 586 coniecit
923 521 1009 604 quod
1022 519 1181 586 Millerus

154 632 284 717 probat;
315 634 370 699 sed
402 653 508 719 neque
539 639 633 699 vetus
664 634 758 699 lectio
775 655 884 719 paroc
906 634 1040 699 libellum
1063 635 1184 699 austiae

146 748 308 830 patientia
337 747 475 813 absurda
498 756 547 814 est
573 750 625 831 (an
647 748 728 814 forte
752 768 885 833 prorsus
912 748 992 813 illud
1015 748 1092 814 ferri
1115 766 1181 811 non

153 867 256 945 potest
291 862 351 926 hoo
385 882 500 927 sensu:
540 863 626 944 „noli
656 861 802 926 libellum
833 880 941 927 meum
974 863 1081 927 statim
1105 881 1181 926 oum

152 980 338 1061 contemptu
362 996 380 1041 e
414 976 563 1041 manibus
587 975 780 1059 abiicere''i)
803 981 835 1041 at
858 975 1002 1041 hoellum
1025 976 1182 1040 sustinere

153 1089 274 1154 locutio
306 1094 354 1155 est
384 1110 468 1174 quae
498 1111 577 1155 num
600 1110 746 1175 unquam
770 1091 806 1154 in
829 1110 893 1155 usu
916 1089 1015 1155 fuerit
1037 1088 1183 1154 dubitare

152 1204 236 1268 licet.
258 1203 313 1269 An
336 1205 423 1289 quod
446 1205 532 1290 apud
554 1204 703 1271 Persium
725 1205 861 1290 legitur:

244 1383 341 1463 atque
362 1383 551 1464 exporrecto
573 1380 773 1444 trutinantur
795 1378 893 1444 verba
915 1378 1031 1444 labello

154 1546 186 1607 et
209 1542 295 1627 apud
317 1542 506 1614 quenalem

199 1718 260 1781 hoc
284 1736 414 1801 quoque
437 1718 466 1782 si
489 1735 602 1801 rugam
626 1715 731 1799 trahit,
758 1715 968 1800 extenditque
986 1714 1139 1781 labellum

155 1884 346 1964 argumento
370 1898 440 1945 esse
463 1882 568 1964 potest
590 1880 684 1943 etiam
707 1879 860 1942 scotiam
882 1875 1185 1976 lobdlamunquam

153 2016 172 2060 a
195 1994 350 2059 Romanis
374 1995 496 2058 dictum
520 2012 599 2076 esse,
618 2012 659 2058 ne
684 2012 721 2058 eo
741 2011 838 2057 sensu
860 1991 982 2056 dictum
995 2011 1065 2058 esse
1079 1992 1184 2058 dicam

154 2127 220 2192 quo
263 2108 334 2172 vult
366 2106 559 2172 Bentleius?
593 2105 710 2171 Nonne
742 2110 827 2171 recte
862 2106 923 2171 hoc
958 2112 1184 2192 argumentum

152 2220 300 2286 Bentleio
325 2223 457 2306 opponit
478 2219 609 2303 HariuS,
633 2223 665 2284 et
685 2218 769 2284 illud
791 2221 887 2285 etiam
910 2222 1046 2285 rectius:
1074 2238 1184 2304 „prae-

152 2339 248 2420 terea,
279 2354 436 2419 quaenam
467 2334 543 2397 hinc
574 2335 721 2419 exsurgit
751 2333 931 2399 sententia?
963 2330 1082 2397 Omitte
1104 2353 1185 2418 pau·

152 2450 253 2535 lisper
283 2448 450 2532 fastidiam
481 2453 513 2514 et
535 2448 735 2535 eremitatem,
759 2448 838 2514 dum
861 2445 1031 2531 fastiditae
1052 2452 1085 2513 et
1106 2467 1188 2514 seco-

152 2564 279 2630 ritotcm
294 2562 397 2649 piaco.
421 2561 576 2648 Sequitur
598 2565 686 2633 enim

290 2726 499 2793 Severitatem
520 2726 636 2792 frontis
657 2725 735 2790 dum
758 2722 850 2808 placo
874 2725 958 2788 tuae.

201 2876 329 2955 Quanto
352 2879 543 2944 concinnius
565 2881 695 2964 rogatur
716 2874 840 2960 Lector,
862 2894 904 2940 ne
923 2870 1060 2938 locellum
1079 2873 1188 2938 statim

155 2993 293 3078 obiiciat,
334 2994 389 3059 sed
427 2994 590 3080 paulisper
618 2993 706 3076 ferat,
744 2992 823 3057 dum
857 3009 977 3076 paucos
1011 2988 1188 3054 versiculos

154 3110 249 3194 legat,
274 3128 355 3194 quos
378 3115 485 3193 sperat
507 3128 581 3208 eum
605 3103 831 3192 placaturos'’i>

200 3222 260 3307 IV,
284 3211 480 3308 26,’4-10.

292 3373 472 3439 Simonides
495 3373 580 3437 idem
602 3371 668 3456 ille,
694 3370 733 3436 de
757 3389 822 3456 quo
845 3369 963 3452 rettuli,

293 3489 407 3552 victori
428 3487 556 3551 laudem
580 3486 709 3550 cuidam
732 3489 847 3569 pyctae
869 3487 907 3547 ut
929 3480 1089 3564 scriberet,

293 3607 379 3666 certo
404 3601 582 3665 conductus
604 3600 706 3685 pretio
730 3602 889 3664 secretum
914 3597 1001 3681 petit.

291 3716 421 3802 Exigua
444 3737 520 3781 oum
542 3715 683 3781 frenaret
706 3714 840 3779 materia
863 3713 1042 3797 impetum*
