2676 4290
650 343 690 405 76

200 526 239 608 V,
268 526 363 590 1-3.
390 526 542 611 Lepidam
568 528 607 593 de
631 527 749 593 Scurra
772 533 804 594 et
827 532 946 594 rustico
969 533 1194 596 narrationem

155 640 323 706 dedecorat
346 642 583 726 promythium:

288 817 393 884 Pravo
416 817 526 884 favore
548 819 614 884 labi
635 821 787 887 mortales
811 822 923 907 solent,

289 936 328 1009 et,
351 933 546 1015 praeiudicio
571 933 649 998 dum
674 938 760 999 stant
784 937 900 1001 erroris
923 938 986 1021 sni,

290 1045 330 1108 ad
352 1045 582 1130 poenitendum
606 1046 704 1112 rebus
727 1048 905 1114 manifestis
927 1050 987 1134 agi.

200 1204 280 1283 Quis
303 1209 387 1272 enim
409 1208 616 1288 poeniteutiae
636 1209 726 1274 locus
746 1215 795 1274 est
814 1210 871 1274 ubi
891 1211 1019 1276 nullum
1031 1212 1193 1278 damnum

155 1325 322 1406 acceptum
357 1323 429 1387 est?
464 1321 560 1388 Liber
594 1342 632 1388 ea
665 1325 792 1388 macula
823 1330 871 1390 est
903 1326 970 1390 cod.
998 1325 1037 1390 V.
1064 1327 1194 1394 Versus

156 1436 286 1499 29-31
322 1437 448 1521 ineptos
483 1456 553 1502 esse
588 1457 665 1501 mox
700 1440 920 1505 demonstrare
949 1441 1101 1526 conabor,
1134 1445 1195 1509 sed

154 1550 224 1614 sive
254 1548 345 1614 abest
374 1569 418 1614 vs.
452 1551 492 1613 31
516 1551 620 1632 (utin
645 1551 704 1615 cod
730 1551 791 1634 V.)‚
813 1553 881 1618 sive
904 1572 980 1637 non,
1003 1555 1118 1620 eadem
1143 1561 1195 1622 est

153 1663 356 1748 perversitas.

198 2246 350 2312 Vidimus
377 2266 453 2332 ergo
476 2249 534 2311 vix
557 2266 628 2312 esse
651 2247 803 2313 credibile
824 2248 993 2312 Perottum
1016 2248 1049 2312 id
1071 2247 1195 2316 fecisse

154 2361 241 2445 quod
283 2360 441 2426 Miillerus
483 2366 592 2426 censet
627 2366 663 2426 ut
697 2366 817 2426 temere
851 2363 969 2425 iterum
1002 2363 1194 2446 iterumque

153 2493 268 2539 versus
301 2475 458 2559 quosdam
491 2475 658 2540 abiiceret:
692 2496 889 2560 quamquam
921 2475 1019 2539 semel
1050 2475 1084 2539 id
1110 2495 1192 2542 eum

151 2589 266 2654 fecisse
296 2589 404 2653 fateor.
435 2589 587 2654 Vidimus
611 2595 774 2674 praeterea
797 2591 905 2653 omnia
927 2590 983 2653 illa
1007 2591 1191 2673 epimythia

153 2707 184 2767 et
207 2703 390 2786 promythia
415 2721 498 2787 quae
522 2704 608 2787 apud
628 2704 720 2767 illum
741 2722 806 2767 non
826 2704 978 2787 leguntur
1002 2709 1058 2767 aut
1075 2705 1191 2788 inepta

153 2835 233 2899 esse,
265 2823 322 2881 aut
353 2823 473 2882 certare
506 2837 580 2882 cum
604 2817 732 2882 fabulae
755 2821 945 2901 argumento
970 2823 1026 2881 aut
1048 2801 1189 2902 prorsus

152 2949 223 2996 esse
246 2949 491 3015 supervacanea.
516 2931 599 2996 Satis
622 2951 697 3016 ergo
721 2932 815 2996 credo
839 2950 956 2996 causae
979 2950 1049 2997 esse
1071 2950 1132 2995 cur
1156 2937 1191 2998 et

152 3045 185 3107 in
212 3043 340 3126 fabulis,
366 3046 507 3127 quaein
532 3046 610 3109 solis
634 3045 799 3109 codicibus
825 3044 997 3109 Gallicanis
1021 3044 1190 3131 leguntur,

152 3159 180 3222 si
213 3158 301 3241 quod
323 3164 527 3243 praeceptum
552 3160 677 3223 sivein
701 3159 793 3222 initio
818 3161 887 3223 sive
909 3160 943 3222 in
968 3156 1033 3222 fine
1056 3158 1189 3244 legitur,

153 3272 240 3356 quod
270 3273 368 3336 nimis
399 3273 544 3356 ineptum
576 3272 732 3354 videatur,
763 3270 961 3335 confidenter
991 3271 1074 3334 illud
1104 3270 1189 3336 abii-

151 3387 283 3451 ciamus.

194 3498 305 3564 Restat
335 3520 439 3564 unum
471 3504 698 3584 argumentum
731 3519 795 3584 quo
820 3501 893 3584 quis
918 3499 957 3563 ad
982 3517 1085 3562 meam
1110 3517 1187 3563 sen-

150 3615 284 3678 tentiam
312 3613 569 3699 impugnandum
595 3615 643 3678 uti
665 3615 775 3698 possit.
810 3613 1016 3694 Fabularum
1041 3631 1123 3695 quae
1148 3615 1186 3678 in

150 3726 219 3791 sola
249 3724 371 3791 Perotti
397 3726 580 3811 anthologia
604 3727 767 3813 leguntur,
789 3726 965 3792 nonnullae
988 3730 1074 3811 sunt,
1099 3746 1187 3811 quae
