2676 4290
598 322 637 384 77

95 509 263 592 poeticum
285 507 425 572 habeant
448 508 667 592 promythium
692 508 955 593 opimythiumve.
977 506 1039 571 Illa
1058 525 1134 591 ergo

95 620 282 686 recensebo.
314 620 437 706 Sequar
468 640 619 686 numeros
643 622 842 707 Appendicis
868 639 951 705 quae
975 625 1024 685 est
1047 619 1135 704 apud

96 732 284 799 Miillerunn

146 847 189 931 Π,
214 847 353 912 12-14.

236 1048 323 1133 Ergo
345 1051 488 1114 contenti
512 1067 646 1114 munere
671 1049 782 1112 invicti
806 1047 894 1112 Iovis

236 1161 341 1226 fatalis
365 1181 467 1227 annos
491 1161 699 1227 decurramus
723 1162 887 1247 temporis,

237 1295 298 1342 neo
319 1276 393 1362 plus
417 1295 571 1342 conemur
595 1296 693 1361 quam
717 1276 795 1340 sinit
819 1274 1005 1339 mortalitas.

150 1451 266 1536 Neque
298 1452 465 1517 invenusti
498 1453 533 1515 hi
562 1455 640 1516 sunt
661 1451 816 1516 versiculi
840 1449 890 1530 (de
913 1450 1028 1515 ultimo
1051 1451 1137 1515 enim

101 1565 190 1630 infra
209 1567 269 1630 erit
289 1564 415 1630 dicendi
432 1566 567 1646 occasio)
580 1570 611 1630 et
622 1563 889 1649 praecedentibus
901 1564 1138 1629 convenientes.

102 1678 222 1743 Totum
248 1680 333 1743 enim
354 1671 483 1744 carmen
507 1681 740 1744 sententiosum
762 1682 826 1759 est3
847 1677 987 1742 afabula
997 1678 1138 1762 Aesopia

104 1793 227 1856 mirum
250 1797 408 1875 qnantum
433 1792 545 1857 differt.

152 1904 208 1968 IV.
240 1904 381 1970 Fabulae
411 1906 451 1970 de
477 1904 668 1970 Prometheo
693 1909 725 1970 et
747 1903 829 1969 Dolo
854 1905 997 1969 adiuncti
1021 1909 1099 1969 sunt
1122 1925 1141 1969 a

103 2017 224 2083 Botbio
247 2037 378 2083 versus:

243 2207 400 2273 Simulata
422 2209 585 2273 interdum
608 2210 687 2273 vitia
709 2212 846 2293 prosunt
868 2206 1064 2289 hominibus,

242 2323 299 2387 sed
321 2327 465 2406 tempore
487 2324 557 2406 ipso
581 2326 689 2387 tamen
714 2325 844 2406 apparet
868 2322 987 2386 veritas

106 2500 168 2584 qui
189 2501 224 2563 in
248 2499 358 2564 codice
380 2502 565 2581 sequuntur
584 2499 707 2583 aliquot
726 2497 923 2562 carminibus
942 2497 1141 2581 interpositis

108 2617 141 2677 et
175 2613 400 2696 inscriptione:
436 2611 519 2676 nibil
549 2611 605 2676 diu
635 2610 795 2678 occultum.
826 2608 875 2675 De
898 2611 949 2676 his
972 2610 1141 2675 versiculis

107 2730 215 2790 tacere
257 2728 358 2791 satius
399 2729 447 2790 est
485 2745 582 2809 quam
621 2726 813 2790 sententiam
848 2724 961 2795 dicere.
996 2722 1046 2788 Ne
1080 2724 1141 2787 hoo

109 2840 241 2924 quidem
278 2840 357 2903 mihi
392 2845 517 2903 constat
547 2845 676 2904 rectene
707 2858 748 2902 an
778 2838 857 2902 falso
885 2857 940 2902 eos
963 2858 982 2901 a
1005 2839 1142 2921 pristina

110 2953 186 3018 sede
216 2955 388 3018 removerit
418 2953 564 3016 Bothins.
593 2953 800 3036 Ubicumque
830 2952 916 3016 enim
940 2951 1036 3036 positi
1056 2954 1142 3032 sunt,

109 3068 301 3131 sententiam
324 3085 436 3131 eorum
460 3067 594 3129 minime
618 3066 791 3149 perspici03
818 3069 850 3128 ot
871 3061 1142 3148 nequesimalota
1168 3122 1171 3131 .

107 3180 188 3244 sitia
222 3179 323 3264 probo
358 3198 465 3264 neque
500 3179 578 3262 quid
613 3178 674 3244 sibi
710 3178 820 3242 Bothii
854 3179 932 3243 velit
961 3177 1141 3242 emendatio

107 3293 184 3357 citio
206 3294 360 3378 intellige.

154 3406 195 3489 V,
222 3407 348 3489 17,18.

247 3580 402 3647 Consulto
426 3581 564 3646 involvit
588 3581 753 3645 veritatem
777 3581 964 3664 antiquitas,

244 3699 282 3760 ut
303 3696 431 3780 sapiens
453 3694 654 3779 intelligeret,
679 3697 798 3758 erraret
820 3693 922 3757 rudis.
