2676 4290
647 334 691 420 ss

202 522 352 608 „Repene

287 659 383 743 Huic,
408 679 482 724 eum
504 658 615 725 labore
638 662 670 725 et
691 658 795 744 plagis
819 660 903 723 esset
922 660 1069 721 mortuus

287 772 438 840 Detracta
460 771 572 858 pelle.''

198 924 239 988 ad
262 923 321 1008 IV,
334 925 363 1008 5,
381 924 432 988 29.
456 924 607 1007 Aesopus
627 921 732 987 media
751 921 858 987 subite
869 921 904 986 in
915 920 1011 986 turba
1024 922 1183 987 constitit:

202 1036 352 1123 „Repone
384 1044 420 1102 at
454 1037 619 1120 (constitit)
653 1036 739 1121 qued
770 1035 836 1101 fere
860 1054 986 1120 semper
1007 1037 1186 1103 omiserunt

152 1151 307 1218 librari'r’'

198 1266 239 1332 ad
261 1265 319 1350 IV,
343 1266 395 1350 12,
419 1265 439 1328 6

600 1372 732 1419 eausam
755 1352 918 1438 quaesivit
939 1357 1039 1439 pater.

288 1467 359 1554 Odi,
382 1469 498 1554 inquit,
520 1469 623 1532 illum.

198 1633 328 1716 „Insere
348 1637 385 1697 ut
407 1632 493 1718 qued
516 1632 640 1697 librarii
662 1634 758 1699 toties
783 1634 979 1714 omiserunt3

242 1804 373 1849 eausam
396 1788 434 1849 ut
456 1784 617 1868 quaesivit
637 1788 745 1869 pater;
770 1785 825 1849 edi
847 1786 955 1869 inquit
978 1782 1104 1850 illum.''

199 1937 240 2002 ad
264 1935 322 2020 IV,
347 1936 398 2020 10,
422 1936 474 1999 26.

287 2086 477 2152 Reclamant
500 2104 610 2151 omnes
629 2086 858 2152 vindicandam
880 2087 1043 2153 iniuriam.

286 2199 339 2266 Sie
363 2206 412 2266 est
435 2200 564 2266 loeutus
586 2205 661 2266 ante
682 2219 820 2286 poenam
841 2200 995 2286 Iuppiter.

202 2338 307 2424 „Lege
329 2345 366 2403 ur
387 2337 546 2404 elemeat''

196 2455 238 2520 ad
260 2453 318 2532 IV,
342 2455 394 2538 23,
420 2454 489 2518 10.-

601 2563 698 2628 quam
720 2547 894 2628 tempestas
913 2544 1044 2610 horrida

285 2658 383 2724 simul
406 2662 439 2722 et
461 2661 605 2722 vetustas
629 2658 734 2723 medio
758 2658 907 2723 dissolvit
929 2659 1019 2723 mari.

283 2771 329 2836 Hi
351 2791 460 2854 zenas,
482 2771 531 2834 illi
553 2790 605 2835 res
627 2773 783 2856 pretiosas
808 2771 972 2857 eolligunt.

198 2907 358 2995 „Repone
382 2909 469 2993 qued
493 2908 586 2973 toties
611 2909 789 2974 emiserunt

239 3074 337 3138 simul
360 3078 393 3139 et
416 3078 570 3157 vetustas,
593 3074 699 3139 medie
721 3079 757 3137 at
780 3074 927 3140 dissolvit
950 3074 1062 3140 mar'r'’

196 3212 237 3279 ad
258 3214 300 3298 V,
325 3214 354 3297 1,
376 3215 406 3277 2.

291 3349 487 3434 Demetrius,
510 3353 568 3434 qui
591 3351 697 3417 dietus
721 3356 769 3417 est
791 3351 967 3418 Phalereus

290 3463 435 3528 Athenas
460 3467 631 3549 occupavit
653 3467 788 3549 impen'e
812 3466 966 3550 improbe.

288 3576 333 3640 Ut
358 3597 427 3641 mes
452 3584 501 3642 est
524 3578 624 3663 vulgi,
647 3581 767 3664 passim
793 3584 824 3644 et
847 3582 990 3645 certatim
1015 3583 1082 3645 ruit

287 3689 473 3772 „Felieiter”
497 3693 707 3758 succlamans.
