2676 4290
633 277 698 344 104

159 466 253 532 credo
287 465 469 531 Phaedrum
503 466 537 531 id
573 467 740 553 scripsisse
775 466 863 551 quod
896 466 968 533 vult
1001 464 1190 554 Withofius,

157 580 251 646 cuius
285 581 462 645 sententiae
491 599 557 645 non
587 580 648 645 hoc
679 579 808 646 afferam
839 585 1069 664 argumentum
1103 582 1187 667 quod

157 713 339 776 anonymus
362 692 682 778 wissemburgensis,
706 694 764 778 qui
785 693 852 759 fere
870 696 977 778 ipsum
997 693 1186 761 Phaedrum

155 806 250 872 nobis
282 807 421 872 servavit
444 806 577 871 turbatis
600 807 821 872 tantummodo
845 809 989 873 numeris
1000 804 1025 890 ¹)
1048 809 1184 877 habeat:

158 922 255 1005 „quia
285 920 398 984 fortior
431 940 504 985 sum
541 919 665 1004 vobis'’,
698 921 872 986 dummodo
906 939 948 986 ne
977 921 1186 991 adversarius

155 1039 266 1100 contra
288 1054 339 1100 me
362 1038 492 1100 auctore
513 1038 624 1100 utatur
645 1034 774 1120 Bebrio,
794 1036 880 1120 apud
892 1054 987 1121 quem
1000 1038 1187 1105 secundum

153 1148 257 1214 leonis
280 1153 506 1233 argumentum
528 1152 577 1214 est
598 1147 636 1220 ὥς
655 1143 689 1222 ἐξ
706 1144 766 1212 irov
785 1145 921 1221 κοινωνός.
941 1148 1084 1216 Babrius
1097 1153 1185 1218 enim

156 1266 276 1347 quanto
299 1262 398 1328 fuerit
420 1261 566 1327 Phaedro
588 1263 718 1347 ingenio
741 1265 887 1348 superior
909 1263 962 1328 vel
981 1283 1023 1330 ex
1043 1266 1185 1332 unahac

153 1376 262 1443 fabula
285 1377 365 1443 disci
385 1382 506 1463 potest;
527 1395 634 1461 neque
654 1379 739 1443 enim
758 1396 897 1463 vaccam,
909 1378 1074 1464 capellam,
1088 1400 1184 1448 ovem

153 1491 257 1557 leonis
287 1491 364 1556 facit
395 1493 499 1557 socios
530 1490 586 1556 sed
615 1495 749 1556 naturae
773 1494 1005 1557 convenientur
1027 1489 1185 1578 conopoea)

153 1609 185 1671 et
206 1607 252 1670 ita
273 1605 398 1671 leonem
422 1606 546 1670 inducit
565 1605 717 1669 iniuriam
737 1605 959 1672 defendentem
979 1612 1016 1671 ut
1036 1610 1184 1692 primum

153 1719 237 1801 dicat
259 1717 402 1797 βασιλεὺς
423 1715 481 1799 γάρ
504 1717 573 1795 εἶμι,
598 1718 713 1784 deinde
736 1719 774 1791 ὥς
797 1714 831 1794 ἐξ
847 1715 908 1784 ἴσον
927 1719 1064 1797 κοινωνός,
1084 1727 1183 1791 tertio

152 1831 169 1905 ἡ
203 1831 283 1913 τρίτη
318 1831 345 1897 δ’
377 1827 453 1906 αὕτη
485 1829 574 1896 κακόν
603 1855 631 1896 τι
662 1830 744 1896 δώσει
780 1830 825 1910 μὴ
847 1831 958 1898 θέλοντί
978 1857 1021 1898 σοι
1045 1833 1179 1916 φεύγειν.

152 1946 362 2031 Lepidissime
384 1948 437 2012 hic
460 1948 591 2011 mutatis
613 1945 721 2011 verbis
745 1950 793 2012 ter
815 1947 901 2012 idem
922 1949 998 2013 dicit
1016 1949 1085 2032 1003
1100 1952 1181 2035 quid

151 2079 229 2125 vero
259 2064 369 2125 noster
397 2061 468 2125 loco
492 2060 647 2124 Bebriani
669 2057 812 2137 βασιλεὺς
836 2058 895 2141 γάρ
918 2061 1003 2139 etur?
1027 2062 1183 2130 Nominor

151 2175 299 2261 quonium
328 2174 389 2257 lc03
422 2175 509 2259 quod
540 2175 619 2260 quid
649 2174 711 2240 sibi
739 2175 817 2240 velit
840 2180 872 2241 ct
897 2177 1059 2260 quomodo
1083 2199 1179 2264 argu-

151 2291 251 2356 menti
283 2291 421 2374 speciem
452 2288 570 2353 habere
598 2289 701 2373 possit
730 2308 797 2353 non
819 2287 913 2354 facile
936 2289 1032 2355 dices.
1057 2289 1178 2368 Quidni

151 2423 227 2488 ergo
262 2408 294 2470 et
326 2405 388 2469 hoc
422 2403 591 2468 credamus
626 2401 810 2467 Phaedrum
845 2407 877 2468 et
908 2403 1018 2488 ipsum
1050 2407 1180 2490 saepius

83 2565 85 2569 «
152 2518 286 2602 (quater)
317 2517 403 2582 idem
434 2516 591 2583 dicentem
622 2515 779 2581 inducere
808 2516 935 2583 leonem
964 2516 1118 2603 voluisse,
1145 2519 1179 2584 id

151 2635 258 2697 autem
280 2650 357 2716 prae
378 2631 501 2715 ingenii
523 2631 632 2715 inopia
654 2649 720 2694 non
742 2629 910 2715 potuisse?

194 2746 220 2830 I,
243 2747 295 2811 28.
319 2744 360 2809 In
382 2744 493 2810 fabula
517 2745 557 2810 de
577 2744 676 2830 vulpe
696 2748 728 2809 et
750 2745 859 2829 aquila
881 2745 960 2810 haec
982 2745 1154 2831 leguntur:

283 2920 406 3007 Vulpes
430 2920 469 2986 ab
493 2941 548 2986 ara
570 2923 678 3008 rapuit
701 2921 864 2987 ardentem
889 2921 992 2989 facem

286 3038 450 3118 totamque
472 3034 611 3100 flammis
628 3034 778 3101 ‘arborem
802 3036 1022 3121 circumdedit,

283 3149 369 3213 hosti
392 3148 533 3214 dolorem
556 3150 672 3214 damno
697 3151 836 3216 miscens
860 3152 1035 3236 sanguinis.

196 3313 370 3398 Vulgatam
413 3313 584 3378 lectionem
616 3313 697 3379 hosti
731 3313 865 3379 dolorm
898 3314 1014 3380 domm
1047 3315 1178 3382 miscens

155 3482 297 3493 ——--

185 3570 213 3637 i)
230 3570 267 3623 Cf.
285 3571 406 3624 Ludovici
423 3573 518 3625 Trossii
534 3572 641 3639 epistola
655 3573 687 3623 ad
702 3572 803 3625 dulium
813 3573 939 3626 Fleutelot
948 3574 1093 3628 Hammone
1101 3575 1176 3628 1844.

186 3660 213 3727 2)
231 3664 268 3714 De
284 3664 332 3715 hac
349 3665 435 3716 fabula
451 3667 569 3718 videatur
586 3665 741 3732 Lessingius.
