2676 4290
709 300 753 362 44

223 501 258 548 se
279 482 397 550 fabulis
421 483 460 549 de
482 503 542 551 ove
563 485 653 551 falsis
676 487 893 553 circumventa
914 488 1107 554 testimoniis
1118 491 1251 575 egregie

223 597 434 664 demonstrari
466 604 577 683 potest.
611 598 691 677 Quis
725 601 811 666 enim
845 601 952 666 eredat
980 602 1125 687 ineptum
1153 603 1250 669 iilum

220 711 395 777 Romulum
419 732 437 780 e
459 712 596 778 Phaedri
613 713 723 779 fabula
742 713 1090 800 satisbenaegegriam
1101 715 1248 782 fabulam

222 825 347 891 efficere
375 826 581 912 potuissem
604 826 666 892 Sed
689 826 790 892 fateor
812 846 864 892 me
886 827 1015 893 nullum
1038 827 1125 894 aliud
1149 849 1249 915 argu·

222 945 367 1006 mentum
394 939 506 1005 afferre
527 958 621 1024 pesse
644 940 730 1025 qued
753 959 855 1025 aeque
878 945 1000 1006 eertum
1024 941 1249 1029 disertumque

221 1054 270 1119 sit.
298 1054 424 1119 Addam
448 1057 556 1118 tamen
578 1058 609 1119 et
632 1054 694 1118 alia
717 1055 873 1139 quaedam
896 1055 1051 1140 exempla,
1071 1075 1155 1141 quae
1178 1077 1249 1122 nen

220 1186 330 1254 parem
350 1169 480 1255 quidem
503 1167 641 1234 habeant
659 1169 872 1253 persuadendi
891 1169 967 1252 vim,
987 1169 1044 1234 sed
1064 1171 1140 1255 quia
1159 1171 1252 1236 baud

221 1282 318 1348 dubie
340 1282 484 1348 eiusdem
504 1286 582 1347 sunt
599 1283 726 1368 generis
738 1282 778 1346 ad
791 1281 1041 1347 confirmandam
1052 1286 1250 1350 sententiam

220 1400 364 1461 nostram
383 1397 560 1461 rectissime
582 1395 687 1461 afferri
708 1396 840 1480 possint.

264 1507 313 1576 De
354 1510 426 1575 fure
467 1526 602 1575 uxorem
645 1510 782 1574 dueente
823 1509 901 1575 haee
943 1513 1050 1574 narrat
1084 1507 1250 1577 Romulus

221 1622 317 1707 (Oest
340 1644 370 1709 p.
393 1624 466 1708 42):

352 1737 463 1803 Vieini
500 1737 557 1823 qui
585 1742 675 1803 erant
704 1737 792 1803 fures
822 1737 967 1822 (ifuris)
996 1737 1250 1823 frequentabant

309 1853 445 1936 nuptias.
465 1849 598 1936 Sapiens
617 1869 691 1916 eum
709 1851 942 1935 intervenisset,
953 1852 1077 1917 vieines
1088 1854 1249 1938 gratulari

253 2088 279 2154 1)
307 2087 465 2139 Fabulanum
491 2086 660 2152 Aesepiamm
685 2087 714 2138 in
738 2085 848 2138 disticha
869 2086 960 2138 Latina
982 2087 1144 2139 redacturum
1161 2092 1250 2156 poeta,

218 2195 298 2248 quem
315 2179 466 2232 etiamnunc
481 2180 560 2231 multi
577 2180 626 2230 viri
643 2179 710 2231 docti
728 2179 896 2246 Anenpmum
912 2179 1027 2231 Neveleti
1036 2180 1174 2246 appellant,
1184 2181 1250 2235 lieet

217 2274 263 2325 diu
279 2277 341 2326 ante
357 2272 512 2324 Neveletum
528 2272 664 2337 aliquoties
681 2271 715 2322 sit
732 2272 816 2323 editus
830 2274 857 2322 et
871 2271 1018 2322 multarum
1026 2271 1147 2323 manibus
1155 2273 1249 2340 tritus,

215 2369 317 2431 partem
333 2363 514 2415 tantummode
530 2363 634 2429 pristini
648 2363 749 2414 inventi
766 2361 877 2413 servavit
894 2362 935 2413 his
953 2362 1084 2414 versibus:

317 2495 363 2547 pra
380 2495 443 2532 eane
461 2484 513 2531 stat
526 2479 633 2545 miluus,
655 2484 707 2531 stat
720 2480 818 2536 vultur.
835 2483 886 2530 stet
903 2479 992 2545 lupus;
1010 2480 1110 2532 instant

349 2585 445 2638 panem
461 2585 541 2637 quem
558 2571 654 2638 pepigit
669 2571 783 2636 reddere,
799 2571 889 2623 reddat
905 2571 967 2622 ovis.

216 2668 243 2716 et
316 2745 377 2797 ergo
394 2744 479 2797 suam,
494 2730 555 2783 lieet
571 2729 651 2782 instet
667 2730 759 2796 hiems,
776 2731 910 2796 pertendit
926 2731 1053 2782 amictum

349 2826 376 2875 et
392 2822 501 2875 Boream
518 2823 616 2890 patitur
631 2823 725 2875 vellere
741 2823 812 2875 nuda
828 2836 884 2874 sue.

249 2952 341 3019 Neque
368 2966 436 3018 quae
460 2957 527 3004 esset
550 2952 579 3002 in
605 2951 814 3003 testimoniorum
838 2951 987 3018 qmdatiane
1014 2955 1135 3003 venustas
1160 2955 1249 3007 sensit

216 3044 360 3096 Alexander
383 3043 499 3096 uanam
521 3042 610 3109 <natus
626 3058 650 3094 a.
665 3041 747 3106 1157).
767 3026 792 3094 1's
808 3043 879 3093 enim
896 3043 947 3093 aa
962 3042 1109 3094 asemona
1125 3041 1167 3094 ms
1183 3040 1248 3096 ver-

216 3135 288 3188 sibus
304 3135 423 3188 inclusit:
835 3182 837 3186 ,
1111 3117 1116 3125 ⁹

732 3199 800 3252 Haec
816 3200 895 3266 lupus
911 3201 1011 3266 inquit:

416 3295 484 3364 „vidi
502 3295 571 3360 quod
588 3307 682 3359 panem
699 3290 828 3358 praestitit
844 3291 893 3342 iste
909 3290 982 3345 tibi.‘’

414 3385 512 3439 Miluus
528 3391 554 3438 et
571 3385 692 3451 accipiter
709 3384 799 3436 eadem
815 3391 879 3437 sunt
895 3385 1033 3440 testitimti.

251 3513 368 3567 Servavit
384 3518 473 3566 tamen
487 3518 514 3567 et
528 3515 582 3581 ipse
598 3515 720 3566 miseram
736 3515 790 3566 avis
803 3514 939 3567 damnatae
952 3520 1048 3568 sertem
1062 3516 1111 3568 hae
1118 3515 1246 3571 disticho:

380 3635 407 3683 et
423 3629 555 3696 quianon
572 3629 664 3682 habuit
681 3645 733 3696 que
749 3636 833 3697 posset
849 3631 955 3684 reddere
970 3647 1064 3698 panem

414 3735 461 3787 pre
477 3722 559 3787 pretio
574 3721 663 3773 lanam
683 3722 798 3774 vendidit
814 3721 858 3773 iile
875 3736 958 3775 suam.
