2676 4290
641 317 684 380 33

155 500 432 580 Quemadmodum
475 505 583 568 autem
621 502 658 565 in
692 499 815 585 epilogo
850 497 1068 585 praecedentis
1101 495 1177 561 libri

153 615 275 700 (Poeta)
312 615 439 682 dixerat
472 634 506 681 se
539 614 634 700 plura
663 611 805 695 scribere
832 629 928 697 posse
951 610 1008 677 sed
1030 609 1177 675 consulto

151 727 251 794 finem
284 729 349 792 iam
382 727 487 793 iacere
517 731 564 812 ut,
594 728 623 792 si
653 727 727 811 quie
751 726 847 791 etiam
868 726 904 789 in
928 724 1039 791 eodem
1061 741 1179 808 genere

151 844 240 908 viras
263 861 340 908 suae
358 842 497 927 experiri
515 840 618 918 vellet,
637 838 760 925 aliquid
779 839 884 925 operis
900 843 1034 905 restaret

291 1004 439 1088 quamvis
462 1003 613 1069 materiae
635 1005 724 1068 tanta
747 1000 889 1067 abundet
911 1001 1003 1086 copia
1079 1080 1083 1085 ,

287 1115 391 1182 labori
410 1115 500 1182 faber
522 1119 559 1181 ut
580 1115 673 1200 desit,
695 1134 763 1180 nou
782 1114 872 1183 fabro
894 1113 985 1181 labor

154 1291 202 1356 ita
236 1291 274 1355 in
308 1292 448 1357 carmine
482 1290 524 1356 ad
557 1290 795 1357 Particulonem
827 1290 955 1376 scripto,
986 1286 1074 1375 quod
1095 1292 1181 1356 recte

153 1405 349 1470 recentiores
380 1404 516 1471 editores
538 1404 840 1471 Broterio·auctore
860 1405 896 1469 in
917 1404 1051 1470 introitu
1075 1403 1182 1489 quarti

155 1516 233 1583 libri
272 1524 460 1603 posuerunt,
493 1518 632 1584 declarat
666 1538 701 1585 ee
735 1523 809 1585 ante
843 1518 975 1603 quidem
1008 1517 1181 1584 consilium

158 1633 283 1717 cepisse
316 1631 456 1717 aliquam
490 1634 657 1698 materiem
690 1631 904 1717 relinquendi,
933 1631 990 1697 sed
1012 1631 1093 1697 illud
1115 1633 1182 1696 iam

157 1745 380 1811 damnavisse:
415 1751 592 1830 „quaerant
620 1750 652 1813 et
681 1745 756 1812 alii”
786 1747 832 1812 ait
857 1747 921 1830 „ita
943 1749 980 1812 ut
1003 1765 1062 1832 ego
1086 1764 1184 1832 quae·

158 1858 253 1925 sivi.”
282 1859 357 1925 Non
379 1861 443 1925 iam
466 1861 570 1926 videri
591 1860 663 1925 vult
684 1861 816 1926 sedulus
839 1860 1041 1946 diligensque
1063 1859 1184 1945 Aesopi

158 1975 318 2056 imitator3
341 1973 466 2040 fabulas
486 1994 562 2040 suas
582 1995 649 2041 non
668 1974 784 2060 Aesopi
798 1974 855 2040 sed
866 1973 1019 2059 Aesopias
1029 1975 1182 2039 nominat

159 2086 247 2174 Ergo
269 2087 349 2152 mihi
370 2087 529 2153 Mlillerus
551 2089 586 2153 in
610 2089 713 2171 titulo,
736 2107 830 2173 quem
854 2087 1000 2154 Phaedro
1023 2105 1184 2173 suoprae-

158 2203 277 2286 posuit,
306 2221 372 2266 non
402 2203 512 2267 minus
542 2220 666 2268 errasse
688 2202 816 2267 videtur
837 2201 1004 2267 retinendo
1027 2201 1185 2267 adiectiro

158 2312 368 2400 Acceptorum
398 2334 496 2400 quam
527 2314 661 2384 delendo
691 2314 831 2401 Augusta?
851 2314 962 2385 tecti.
985 2313 1075 2382 Haeo
1099 2315 1186 2381 enim

161 2449 191 2494 v.
215 2428 254 2492 ol.
276 2432 423 2494 annotat:

293 2539 476 2622 fabulamur
497 2540 721 2627 Accepturum:
741 2542 823 2607 illud
840 2540 1050 2628 Accepturum
1066 2542 1102 2606 in
1121 2561 1187 2606 una

250 2654 397 2720 additum
429 2655 538 2720 charta
559 2654 721 2722 Danielis:
745 2675 783 2722 ac
804 2659 913 2721 tamen
936 2655 1093 2741 depellere
1115 2654 1186 2719 loco

250 2768 350 2853 nolui,
374 2769 527 2854 quoniam
550 2769 620 2854 ipse
642 2768 808 2835 Phaedrus
829 2769 865 2833 in
887 2768 1019 2855 prologo
1042 2765 1117 2834 libri
1138 2765 1187 2832 IV

250 2880 377 2946 fabulas
402 2901 478 2948 suas
501 2883 646 2949 nominat
668 2881 833 2966 Aesopias.

162 2993 216 3078 At
237 2998 275 3060 ut
297 2995 418 3080 opinor,
440 3015 507 3061 non
530 2995 571 3061 ab
592 2996 685 3061 initio
709 2993 835 3061 fabulae
858 3015 934 3062 suas
958 2994 1110 3080 Amasim
1130 3013 1187 3059 no-

162 3110 301 3175 minavit
321 3115 447 3193 noeter;
471 3130 594 3176 novum
616 3110 676 3175 hoo
698 3114 748 3176 est
770 3111 968 3196 arrogantiae
993 3109 1189 3196 exemplum,

163 3223 251 3308 quod
280 3225 356 3292 inde
386 3246 409 3291 a
437 3230 550 3310 quarto
579 3225 662 3290 libro
692 3226 797 3310 prodit
818 3224 1001 3306 Phaedrus3
1025 3243 1090 3290 non
1112 3242 1187 3309 ergo

161 3341 282 3404 temere
324 3356 395 3405 esee
427 3358 541 3405 censeo
577 3338 663 3424 quod
697 3341 870 3424 utriusque
903 3339 1023 3404 codicis
1053 3339 1189 3423 scriptor

160 3450 243 3516 illud
271 3452 380 3517 omisit
400 3452 603 3519 adiectivum.
934 3530 939 3547 Ι

207 3563 310 3630 Multa
344 3570 449 3632 autem
483 3567 519 3631 in
549 3570 660 3632 nostro
690 3564 771 3631 libro
801 3565 954 3652 leguntur
985 3562 1188 3649 „anecdota'’,

164 3677 252 3763 quod
273 3697 377 3764 genus
401 3681 431 3746 si
453 3681 526 3764 quis
550 3700 570 3744 a
589 3679 734 3747 Phaedro
752 3681 922 3746 inventum
933 3679 1026 3760 dicat,
1037 3679 1189 3766 aliquam,

1069 3789 1088 3842 3
