2676 4290
604 326 645 388 67

107 513 221 574 auctor
249 514 357 576 tamen
386 510 499 576 lectori
529 530 604 576 sum
635 517 674 577 ut
703 530 815 577 secum
839 511 1020 577 consideret
1043 490 1142 597 qnam

106 623 238 706 ineptus
269 641 381 688 eorum
413 641 530 689 sensus
561 625 611 708 sit,
639 629 793 710 utquam
811 625 895 690 male
918 644 992 690 eum
1015 643 1143 711 praeoe-

109 733 261 800 dentibus
283 735 482 802 cohaereant.

151 846 211 927 111,
243 848 272 912 1.
301 847 445 915 Fabulae
474 849 514 916 de
537 850 615 917 Anu
638 851 680 916 ad
702 852 902 938 Amphoram
925 852 1070 919 adiectas
1094 857 1143 919 est

107 959 161 1025 hic
183 978 317 1028 versus:

241 1113 314 1180 Hoc
337 1134 403 1200 quo
426 1116 591 1201 pertineat,
614 1115 708 1200 dicet,
730 1117 788 1201 qui
810 1135 863 1182 me
885 1117 1021 1183 noverit

153 1277 259 1345 Facile
291 1287 340 1347 est
369 1283 423 1347 hic
453 1284 611 1368 suspicari
633 1283 800 1349 Perottum
824 1284 972 1349 consulto
996 1284 1144 1350 omisisse

107 1412 238 1459 versum
263 1396 321 1480 qui
344 1396 385 1461 ad
408 1395 547 1462 Phaedri
570 1398 670 1462 vitam
693 1399 878 1482 pertineret,
901 1403 939 1462 ut
960 1399 1018 1482 qui
1030 1396 1144 1462 antho-

108 1509 212 1594 legiae
235 1529 314 1575 suae
337 1511 471 1576 consilio
495 1511 621 1577 alienus
645 1516 737 1577 essct
763 1509 1011 1577 Observandum
1024 1516 1144 1594 tumen,

109 1623 198 1708 quod
227 1624 292 1688 iam
323 1629 418 1689 antea
448 1625 527 1702 dixi,
560 1624 720 1691 eiusmodi
742 1625 1006 1691 lamentationem
1027 1645 1142 1709 parum

108 1741 181 1823 apte
215 1739 351 1823 positam
385 1757 456 1804 esse
486 1739 521 1803 in
552 1738 634 1803 libro
665 1744 737 1804 tum
771 1741 891 1824 scripto
922 1758 1026 1824 quum
1050 1743 1144 1824 pocta

108 1849 172 1915 sibi
193 1851 258 1915 iam
281 1851 446 1917 rideretur
470 1852 510 1917 ad
529 1872 690 1918 summam
705 1854 892 1937 pervenisse
903 1853 1141 1938 praestantiam

108 2012 169 2099 IH,
192 2016 223 2099 2,
247 2015 276 2079 1.
366 2015 455 2082 Solet
476 2036 496 2082 a
518 2017 677 2103 despectis
699 2037 757 2104 par
779 2017 893 2085 referri
914 2019 1026 2104 gratia.

155 2177 292 2244 Ouinam
313 2179 427 2245 lectori
450 2200 532 2266 opus
557 2185 606 2246 est
628 2181 690 2245 hoe
712 2180 895 2265 promythio
921 2200 1025 2266 quum
1036 2181 1140 2265 ipsam

107 2293 298 2377 pantheram
321 2314 398 2359 mox
422 2295 533 2360 audiat
554 2295 732 2362 dicentem:

378 2471 511 2536 memini
535 2471 609 2554 quis
631 2489 684 2535 me
707 2488 787 2536 saxo
810 2469 948 2555 petierit,
1021 2485 1024 2490 ·

191 2556 274 2667 'quis
297 2601 415 2667 panem
438 2582 579 2649 dederit:
606 2602 663 2648 vos
686 2584 800 2648 timere
822 2581 983 2664 absistite,

198 2695 264 2761 iliis
286 2701 430 2762 revertor
450 2697 562 2780 hostis,
586 2698 644 2782 qui
666 2715 718 2762 me
739 2696 911 2762 laeserunt

108 2807 169 2894 HI,
193 2811 223 2894 3,
246 2810 342 2876 1-3.
378 2810 451 2877 Usu
473 2811 597 2895 peritus
619 2810 742 2876 hariolo
765 2812 912 2877 veracior

378 2925 477 3009 vulgo
499 2942 570 2990 esse
591 2924 702 3008 fertur,
725 2943 824 2990 causa
846 2923 903 2991 sed
925 2944 992 2991 non
1016 2924 1143 3011 dicitur,

378 3043 522 3105 notescet
545 3057 629 3124 quae
651 3058 741 3104 nunc
764 3039 905 3125 primum
925 3038 1043 3105 fabella
1063 3058 1142 3104 mea

153 3199 352 3268 Narraturus
396 3221 471 3288 ergo
504 3207 553 3267 est
588 3207 681 3288 poeta
716 3203 878 3287 quomodo
912 3202 1139 3288 proverbium:

108 3335 172 3380 aru
200 3317 323 3403 peritas
344 3315 465 3383 teriolo
482 3318 624 3383 ememor
644 3322 758 3382 natum
782 3318 832 3383 sit
856 3317 901 3382 At
923 3336 1037 3383 verum
1060 3317 1145 3383 illud

109 3449 181 3498 esse
216 3451 259 3497 ex
286 3434 358 3519 ipsa
389 3433 573 3498 narratione
602 3433 736 3497 minimo
759 3434 898 3517 apparet
923 3427 1008 3507 Quid
1031 3431 1143 3496 enim?

109 3543 201 3623 Quae
220 3565 318 3613 causa
335 3547 399 3612 fuit
418 3565 477 3612 cur
494 3551 676 3612 monstrum
687 3545 771 3611 illud
781 3549 867 3611 recte
878 3545 1145 3630 interpretaretur

108 3660 282 3749 Aesopus?
313 3661 368 3726 An
399 3662 488 3746 quod
512 3661 662 3748 Aesopus
684 3680 747 3725 usu
769 3660 885 3726 doctus
904 3658 976 3725 fuit.
998 3657 1144 3743 Minime,
