2676 4290
693 295 756 359 110

208 499 284 566 ergo
308 483 427 547 sutoris
448 481 557 546 fama?
580 481 623 547 Et
644 501 742 567 quam
767 499 889 566 susque
911 479 1016 565 deque
1038 479 1154 545 omnia
1166 482 1244 545 sunt

207 593 317 660 habita
338 595 374 658 in
397 594 525 660 duobus
546 594 597 659 his
620 594 820 660 versiculus:

297 781 461 866 Scyphum
483 783 645 867 poposcit:
669 781 743 847 fusa
764 781 840 848 dein
863 780 1018 846 simulans
1040 799 1128 865 aqua

299 897 433 962 miseere
455 896 599 961 antidoto
622 915 692 962 sese
714 896 803 961 illius
826 896 979 960 toxicum.

258 1056 321 1121 Sed
351 1057 440 1142 piget
470 1061 574 1123 cetera
593 1059 752 1142 persequi
774 1056 883 1123 Pauca
908 1057 980 1123 ideo
1001 1056 1242 1121 tamtummodo

210 1169 351 1234 indicavi
372 1173 451 1237 vitia
474 1176 511 1237 ut
534 1176 698 1257 appareret
721 1190 848 1257 operam
871 1169 1004 1256 perdere
1028 1171 1086 1255 qui
1095 1168 1244 1235 fabulam

212 1284 380 1349 emendare
417 1290 581 1350 conentur.
621 1283 758 1370 Operam
797 1303 872 1369 ergo
901 1283 1040 1369 perdidit
1069 1282 1245 1349 Bentleius

211 1417 269 1482 pro
291 1398 470 1482 deperditus
492 1399 627 1485 legendo
647 1399 845 1483 proterritum
868 1417 974 1484 neque
997 1400 1108 1463 minus
1130 1396 1245 1464 Naue-

211 1512 295 1590 kius,
330 1514 387 1597 qui
420 1533 478 1598 pro
506 1513 639 1579 verbosis
668 1515 804 1579 coniecit
833 1513 975 1578 ventosis.
1009 1509 1105 1588 Quod
1130 1516 1245 1578 autem

211 1645 259 1691 vs.
284 1626 327 1690 14
348 1645 407 1711 pro

348 1798 494 1877 Quantae
516 1802 637 1886 putatis
660 1820 730 1869 esse
753 1821 810 1867 vos
833 1801 1011 1868 dementiae

212 1962 384 2049 legendum
407 1963 575 2031 Nauckius
597 1969 707 2030 censet

349 2137 494 2216 Quantae
514 2144 677 2206 necessest
699 2158 769 2207 csse
791 2159 850 2205 vos
873 2139 1054 2206 dementiae

215 2318 287 2364 eam
318 2300 574 2366 emendationem
603 2320 645 2366 ne
674 2303 710 2365 in
737 2303 847 2366 minus
877 2303 985 2385 inepto
1016 2300 1148 2386 quidem
1174 2320 1248 2367 oar·

217 2413 304 2477 mine
334 2412 510 2498 probarem,
542 2416 694 2498 quoniam
719 2415 806 2499 quod
829 2413 982 2479 traditum
1005 2418 1053 2478 est
1076 2416 1247 2500 egregium

216 2524 347 2609 praebet
378 2545 521 2594 sensum.
552 2527 579 2591 Ε
609 2528 707 2593 verbo
730 2530 815 2593 enim
833 2528 960 2612 patetis
982 2532 1112 2613 apparet
1134 2547 1246 2614 regem

217 2639 279 2704 hoc
312 2639 433 2706 dicere:
473 2642 597 2727 „capita
629 2647 738 2708 vostra
769 2644 969 2708 committitis
993 2643 1024 2707 ei
1046 2643 1100 2707 cui
1122 2643 1181 2707 alii
1204 2662 1247 2709 ne

218 2753 315 2838 pedes
346 2754 477 2837 quidem
508 2756 696 2821 calceandos
728 2758 965 2822 commiserint:
997 2775 1074 2842 ergo
1097 2757 1248 2823 coniicito

218 2867 280 2950 ipsi
303 2887 401 2951 quam
423 2869 494 2933 sitis
516 2867 711 2935 dementes.''
899 2881 901 2885 ’

263 2980 289 3065 Ι,
315 2981 365 3066 16,
390 2983 418 3046 9.

354 3155 497 3222 Satiatur
517 3159 588 3244 ipsa
610 3162 642 3226 et
664 3163 792 3244 torquet
817 3160 985 3225 convivam
1006 3159 1102 3226 fame.

265 3321 372 3388 Peritc
398 3341 511 3388 vocem
538 3329 567 3388 et
589 3323 730 3389 defendit
751 3323 874 3389 Harius
896 3325 947 3389 his
970 3322 1094 3391 verbis:
1121 3324 1252 3406 „dicere

222 3435 326 3501 voluit
347 3435 513 3502 Phaedrus
537 3436 697 3522 duplicem
721 3438 879 3503 ciconiam
904 3439 1101 3524 voluptatem
1126 3457 1168 3504 ex
1188 3440 1253 3505 hae

223 3538 419 3634 recepisse,
450 3551 537 3634 quod
569 3556 601 3616 et
628 3552 699 3635 ipsa
732 3553 903 3616 satiaretur
933 3557 965 3618 ct
987 3553 1101 3638 vulpes
1125 3553 1253 3620 interea

223 3662 364 3746 graviter
376 3662 541 3730 esuriret''
553 3663 725 3750 Eleganter
734 3665 821 3731 idem
831 3685 890 3752 pro
901 3665 1130 3749 famaooniecit
1136 3666 1255 3750 fenea.
