<?xml version="1.0" encoding="UTF-8"?>
<!DOCTYPE html PUBLIC "-//W3C//DTD XHTML 1.0 Transitional//EN"
    "http://www.w3.org/TR/xhtml1/DTD/xhtml1-transitional.dtd">
<html xmlns="http://www.w3.org/1999/xhtml" xml:lang="en" lang="en">
 <head>
  <title>
</title>
<meta http-equiv="Content-Type" content="text/html;charset=utf-8" />
  <meta name='ocr-system' content='tesseract 3.04.00' />
  <meta name='ocr-capabilities' content='ocr_page ocr_carea ocr_par ocr_line ocrx_word'/>
</head>
<body>
  <div class='ocr_page' id='page_1' title='image "./dephaedrifabuli00hartgoog_0046.png"; bbox 0 0 2676 4290; ppageno 0'>
   <div class='ocr_carea' id='block_1_1' title="bbox 642 322 685 387">
    <p class='ocr_par' dir='ltr' id='par_1_1' title="bbox 642 322 685 387">
     <span class='ocr_line' id='line_1_1' title="bbox 642 322 685 387; baseline -0.023 0"><span class='ocrx_word' id='word_1_1' title='bbox 642 322 685 387; x_wconf 78' lang='lat'>36</span> 
     </span>
    </p>
   </div>
   <div class='ocr_carea' id='block_1_2' title="bbox 149 500 1181 1483">
    <p class='ocr_par' dir='ltr' id='par_1_2' title="bbox 242 500 1179 929">
     <span class='ocr_line' id='line_1_2' title="bbox 242 500 1177 590; baseline -0.006 -16"><span class='ocrx_word' id='word_1_2' title='bbox 242 509 334 586; x_wconf 74' lang='grc' dir='ltr'>μῦθον</span> <span class='ocrx_word' id='word_1_3' title='bbox 353 505 390 573; x_wconf 76' lang='lat' dir='ltr'>te</span> <span class='ocrx_word' id='word_1_4' title='bbox 408 509 546 574; x_wconf 70' lang='lat' dir='ltr'>cartalam</span> <span class='ocrx_word' id='word_1_5' title='bbox 562 507 621 582; x_wconf 75' lang='grc' dir='ltr'>ώςὸ</span> <span class='ocrx_word' id='word_1_6' title='bbox 634 507 692 582; x_wconf 75' lang='grc' dir='ltr'>θεὸς</span> <span class='ocrx_word' id='word_1_7' title='bbox 704 505 913 590; x_wconf 63' lang='grc' dir='ltr'>βονλόμενοοῑ)</span> <span class='ocrx_word' id='word_1_8' title='bbox 924 504 1006 571; x_wconf 72' lang='grc' dir='ltr'><strong><em>οὗτοὶ</em></strong></span> <span class='ocrx_word' id='word_1_9' title='bbox 1016 500 1177 580; x_wconf 72' lang='grc' dir='ltr'>δονολλιέξοον</span> 
     </span>
     <span class='ocr_line' id='line_1_3' title="bbox 244 616 1178 700; baseline -0.004 -14"><span class='ocrx_word' id='word_1_10' title='bbox 244 624 432 700; x_wconf 76' lang='grc' dir='ltr'>πολεμοῦνται</span> <span class='ocrx_word' id='word_1_11' title='bbox 464 618 563 695; x_wconf 64' lang='grc' dir='ltr'><strong><em>ἐπειδὴ</em></strong></span> <span class='ocrx_word' id='word_1_12' title='bbox 598 621 648 687; x_wconf 81' lang='grc' dir='ltr'>οὐκ</span> <span class='ocrx_word' id='word_1_13' title='bbox 681 619 811 699; x_wconf 70' lang='grc' dir='ltr'>ἐδύοντο,</span> <span class='ocrx_word' id='word_1_14' title='bbox 841 616 969 700; x_wconf 73' lang='grc' dir='ltr'><strong><em>ξυνῆψεν</em></strong></span> <span class='ocrx_word' id='word_1_15' title='bbox 999 617 1040 692; x_wconf 73' lang='grc' dir='ltr'>εἰς</span> <span class='ocrx_word' id='word_1_16' title='bbox 1068 617 1178 683; x_wconf 73' lang='grc' dir='ltr'>τοῦτον</span> 
     </span>
     <span class='ocr_line' id='line_1_4' title="bbox 243 723 1179 817; baseline -0.003 -19"><span class='ocrx_word' id='word_1_17' title='bbox 243 734 342 807; x_wconf 69' lang='grc' dir='ltr'><strong><em>αὐτοῖς</em></strong></span> <span class='ocrx_word' id='word_1_18' title='bbox 371 733 429 807; x_wconf 75' lang='grc' dir='ltr'>τοὶς</span> <span class='ocrx_word' id='word_1_19' title='bbox 459 730 599 817; x_wconf 57' lang='grc' dir='ltr'>κορυφάς,</span> <span class='ocrx_word' id='word_1_20' title='bbox 630 731 682 799; x_wconf 66' lang='grc' dir='ltr'>καὶ</span> <span class='ocrx_word' id='word_1_21' title='bbox 712 731 766 798; x_wconf 72' lang='grc' dir='ltr'>διὰ</span> <span class='ocrx_word' id='word_1_22' title='bbox 796 735 897 798; x_wconf 75' lang='grc' dir='ltr'>τοῦτον</span> <span class='ocrx_word' id='word_1_23' title='bbox 927 723 1010 812; x_wconf 69' lang='grc' dir='ltr'>ᾧᾶν</span> <span class='ocrx_word' id='word_1_24' title='bbox 1031 730 1065 797; x_wconf 76' lang='grc' dir='ltr'>τὸ</span> <span class='ocrx_word' id='word_1_25' title='bbox 1087 727 1179 813; x_wconf 77' lang='grc' dir='ltr'>ἕτερον</span> 
     </span>
     <span class='ocr_line' id='line_1_5' title="bbox 243 842 1047 929; baseline 0 -19"><span class='ocrx_word' id='word_1_26' title='bbox 243 845 449 929; x_wconf 55' lang='lat' dir='ltr'>repelsam</span> <span class='ocrx_word' id='word_1_27' title='bbox 471 848 661 914; x_wconf 70' lang='grc' dir='ltr'>ἐπακολουθεῖ</span> <span class='ocrx_word' id='word_1_28' title='bbox 682 843 797 929; x_wconf 75' lang='grc' dir='ltr'>ὕστερον</span> <span class='ocrx_word' id='word_1_29' title='bbox 819 845 869 912; x_wconf 74' lang='grc' dir='ltr'>κον)</span> <span class='ocrx_word' id='word_1_30' title='bbox 891 845 926 911; x_wconf 72' lang='grc' dir='ltr'>τὸ</span> <span class='ocrx_word' id='word_1_31' title='bbox 948 842 1047 928; x_wconf 77' lang='grc' dir='ltr'>ἕτερον.</span> 
     </span>
    </p>

    <p class='ocr_par' dir='ltr' id='par_1_3' title="bbox 149 959 1181 1483">
     <span class='ocr_line' id='line_1_6' title="bbox 199 959 1179 1048; baseline -0.003 -22"><span class='ocrx_word' id='word_1_32' title='bbox 199 959 262 1026; x_wconf 81' lang='lat' dir='ltr'>Sed</span> <span class='ocrx_word' id='word_1_33' title='bbox 301 961 376 1028; x_wconf 85' lang='lat' dir='ltr'>lieet</span> <span class='ocrx_word' id='word_1_34' title='bbox 418 961 574 1048; x_wconf 88' lang='lat' dir='ltr'>glorietur</span> <span class='ocrx_word' id='word_1_35' title='bbox 607 965 702 1047; x_wconf 68' lang='lat' dir='ltr'>pelta</span> <span class='ocrx_word' id='word_1_36' title='bbox 736 960 941 1026; x_wconf 71' lang='lat' dir='ltr'>dismmulsre</span> <span class='ocrx_word' id='word_1_37' title='bbox 968 963 1078 1025; x_wconf 91' lang='lat' dir='ltr'>tamen</span> <span class='ocrx_word' id='word_1_38' title='bbox 1112 977 1179 1023; x_wconf 88' lang='lat' dir='ltr'>non</span> 
     </span>
     <span class='ocr_line' id='line_1_7' title="bbox 150 1072 1181 1160; baseline -0.004 -19"><span class='ocrx_word' id='word_1_39' title='bbox 150 1079 260 1160; x_wconf 85' lang='lat' dir='ltr'>petest</span> <span class='ocrx_word' id='word_1_40' title='bbox 289 1079 390 1140; x_wconf 88' lang='lat' dir='ltr'>artem</span> <span class='ocrx_word' id='word_1_41' title='bbox 420 1095 512 1141; x_wconf 91' lang='lat' dir='ltr'>suam</span> <span class='ocrx_word' id='word_1_42' title='bbox 542 1094 657 1160; x_wconf 85' lang='lat' dir='ltr'>parum</span> <span class='ocrx_word' id='word_1_43' title='bbox 687 1073 792 1140; x_wconf 86' lang='lat' dir='ltr'>adhue</span> <span class='ocrx_word' id='word_1_44' title='bbox 815 1073 989 1139; x_wconf 82' lang='lat' dir='ltr'>lectoribus</span> <span class='ocrx_word' id='word_1_45' title='bbox 1011 1072 1181 1159; x_wconf 81' lang='lat' dir='ltr'>placuisse,</span> 
     </span>
     <span class='ocr_line' id='line_1_8' title="bbox 151 1184 1181 1274; baseline -0.003 -20"><span class='ocrx_word' id='word_1_46' title='bbox 151 1206 254 1273; x_wconf 89' lang='lat' dir='ltr'>seque</span> <span class='ocrx_word' id='word_1_47' title='bbox 274 1189 331 1253; x_wconf 88' lang='lat' dir='ltr'>illo</span> <span class='ocrx_word' id='word_1_48' title='bbox 354 1207 507 1255; x_wconf 84' lang='lat' dir='ltr'>suoeessu</span> <span class='ocrx_word' id='word_1_49' title='bbox 526 1190 668 1254; x_wconf 81' lang='lat' dir='ltr'>caruisse</span> <span class='ocrx_word' id='word_1_50' title='bbox 680 1206 775 1273; x_wconf 93' lang='lat' dir='ltr'>quem</span> <span class='ocrx_word' id='word_1_51' title='bbox 788 1187 1013 1272; x_wconf 79' lang='lat' dir='ltr'>expectaverit.</span> <span class='ocrx_word' id='word_1_52' title='bbox 1024 1184 1181 1274; x_wconf 81' lang='lat' dir='ltr'>Magnum</span> 
     </span>
     <span class='ocr_line' id='line_1_9' title="bbox 149 1301 1181 1386; baseline -0.002 -20"><span class='ocrx_word' id='word_1_53' title='bbox 149 1302 233 1367; x_wconf 82' lang='lat' dir='ltr'>haee</span> <span class='ocrx_word' id='word_1_54' title='bbox 261 1302 291 1368; x_wconf 92' lang='lat' dir='ltr'>ei</span> <span class='ocrx_word' id='word_1_55' title='bbox 320 1320 373 1368; x_wconf 86' lang='lat' dir='ltr'>res</span> <span class='ocrx_word' id='word_1_56' title='bbox 403 1306 509 1368; x_wconf 85' lang='lat' dir='ltr'>movet</span> <span class='ocrx_word' id='word_1_57' title='bbox 540 1301 690 1386; x_wconf 87' lang='lat' dir='ltr'>dolorem,</span> <span class='ocrx_word' id='word_1_58' title='bbox 712 1320 787 1366; x_wconf 89' lang='lat' dir='ltr'>nam</span> <span class='ocrx_word' id='word_1_59' title='bbox 808 1301 956 1386; x_wconf 85' lang='lat' dir='ltr'>quamvis</span> <span class='ocrx_word' id='word_1_60' title='bbox 980 1303 1081 1367; x_wconf 90' lang='lat' dir='ltr'>semet</span> <span class='ocrx_word' id='word_1_61' title='bbox 1104 1319 1181 1364; x_wconf 83' lang='lat' dir='ltr'>eon-</span> 
     </span>
     <span class='ocr_line' id='line_1_10' title="bbox 151 1414 822 1483; baseline 0.001 -3"><span class='ocrx_word' id='word_1_62' title='bbox 151 1415 252 1480; x_wconf 86' lang='lat' dir='ltr'>solari</span> <span class='ocrx_word' id='word_1_63' title='bbox 273 1419 407 1481; x_wconf 77' lang='lat' dir='ltr'>sonetur</span> <span class='ocrx_word' id='word_1_64' title='bbox 428 1415 651 1483; x_wconf 88' lang='lat' dir='ltr'>huiuseemodi</span> <span class='ocrx_word' id='word_1_65' title='bbox 674 1414 822 1482; x_wconf 85' lang='lat' dir='ltr'>versibus</span> 
     </span>
    </p>
   </div>
   <div class='ocr_carea' id='block_1_3' title="bbox 155 1576 1115 2346">
    <p class='ocr_par' dir='ltr' id='par_1_4' title="bbox 155 1576 1115 2346">
     <span class='ocr_line' id='line_1_11' title="bbox 290 1576 962 1664; baseline 0 -21"><span class='ocrx_word' id='word_1_66' title='bbox 290 1576 389 1644; x_wconf 84' lang='lat' dir='ltr'>Hunc</span> <span class='ocrx_word' id='word_1_67' title='bbox 411 1577 587 1646; x_wconf 77' lang='lat' dir='ltr'><strong>obtrectare</strong></span> <span class='ocrx_word' id='word_1_68' title='bbox 610 1581 639 1645; x_wconf 90' lang='lat' dir='ltr'>si</span> <span class='ocrx_word' id='word_1_69' title='bbox 661 1577 749 1644; x_wconf 80' lang='lat' dir='ltr'>volet</span> <span class='ocrx_word' id='word_1_70' title='bbox 771 1577 962 1664; x_wconf 73' lang='lat' dir='ltr'><strong>malignitas,</strong></span> 
     </span>
     <span class='ocr_line' id='line_1_12' title="bbox 288 1690 996 1779; baseline -0.001 -22"><span class='ocrx_word' id='word_1_71' title='bbox 288 1693 408 1758; x_wconf 86' lang='lat' dir='ltr'>imitari</span> <span class='ocrx_word' id='word_1_72' title='bbox 431 1692 509 1759; x_wconf 89' lang='lat' dir='ltr'>dum</span> <span class='ocrx_word' id='word_1_73' title='bbox 531 1712 598 1758; x_wconf 90' lang='lat' dir='ltr'>non</span> <span class='ocrx_word' id='word_1_74' title='bbox 620 1694 724 1779; x_wconf 84' lang='lat' dir='ltr'><strong>possit</strong></span> <span class='ocrx_word' id='word_1_75' title='bbox 746 1690 900 1758; x_wconf 73' lang='lat' dir='ltr'>obtrectet</span> <span class='ocrx_word' id='word_1_76' title='bbox 921 1691 996 1757; x_wconf 85' lang='lat' dir='ltr'>lieet</span> 
     </span>
     <span class='ocr_line' id='line_1_13' title="bbox 155 1809 191 1872; baseline -0.056 0"><span class='ocrx_word' id='word_1_77' title='bbox 155 1809 191 1872; x_wconf 90' lang='lat' dir='ltr'>et</span> 
     </span>
     <span class='ocr_line' id='line_1_14' title="bbox 246 1915 1115 2004; baseline -0.001 -21"><span class='ocrx_word' id='word_1_78' title='bbox 246 1919 327 1983; x_wconf 91' lang='lat' dir='ltr'>mihi</span> <span class='ocrx_word' id='word_1_79' title='bbox 347 1922 438 2004; x_wconf 87' lang='lat' dir='ltr'>parta</span> <span class='ocrx_word' id='word_1_80' title='bbox 458 1917 530 1984; x_wconf 84' lang='lat' dir='ltr'>laus</span> <span class='ocrx_word' id='word_1_81' title='bbox 554 1922 610 1998; x_wconf 80' lang='lat' dir='ltr'>est,</span> <span class='ocrx_word' id='word_1_82' title='bbox 634 1919 722 2003; x_wconf 88' lang='lat' dir='ltr'>quod</span> <span class='ocrx_word' id='word_1_83' title='bbox 739 1922 785 1997; x_wconf 87' lang='lat' dir='ltr'>tu,</span> <span class='ocrx_word' id='word_1_84' title='bbox 807 1918 895 2003; x_wconf 89' lang='lat' dir='ltr'>quod</span> <span class='ocrx_word' id='word_1_85' title='bbox 921 1915 1041 1983; x_wconf 90' lang='lat' dir='ltr'>similes</span> <span class='ocrx_word' id='word_1_86' title='bbox 1064 1916 1115 1982; x_wconf 94' lang='lat' dir='ltr'>tui</span> 
     </span>
     <span class='ocr_line' id='line_1_15' title="bbox 246 2030 993 2098; baseline 0 -2"><span class='ocrx_word' id='word_1_87' title='bbox 246 2033 429 2097; x_wconf 83' lang='lat' dir='ltr'>vestraein</span> <span class='ocrx_word' id='word_1_88' title='bbox 451 2032 576 2098; x_wconf 85' lang='lat' dir='ltr'>chartas</span> <span class='ocrx_word' id='word_1_89' title='bbox 598 2031 697 2097; x_wconf 83' lang='lat' dir='ltr'>verba</span> <span class='ocrx_word' id='word_1_90' title='bbox 718 2030 898 2097; x_wconf 79' lang='lat' dir='ltr'>transfertis</span> <span class='ocrx_word' id='word_1_91' title='bbox 920 2049 993 2097; x_wconf 89' lang='lat' dir='ltr'>mea</span> 
     </span>
     <span class='ocr_line' id='line_1_16' title="bbox 247 2145 930 2233; baseline 0 -23"><span class='ocrx_word' id='word_1_92' title='bbox 247 2145 447 2232; x_wconf 84' lang='lat' dir='ltr'>dignumque</span> <span class='ocrx_word' id='word_1_93' title='bbox 469 2146 567 2233; x_wconf 84' lang='lat' dir='ltr'>longa</span> <span class='ocrx_word' id='word_1_94' title='bbox 588 2145 738 2212; x_wconf 83' lang='lat' dir='ltr'>iudicatis</span> <span class='ocrx_word' id='word_1_95' title='bbox 760 2146 930 2228; x_wconf 81' lang='lat' dir='ltr'>memoria3</span> 
     </span>
     <span class='ocr_line' id='line_1_17' title="bbox 246 2259 879 2346; baseline 0 -21"><span class='ocrx_word' id='word_1_96' title='bbox 246 2259 433 2326; x_wconf 80' lang='lat' dir='ltr'>illiteratum</span> <span class='ocrx_word' id='word_1_97' title='bbox 456 2261 608 2346; x_wconf 81' lang='lat' dir='ltr'>plausum</span> <span class='ocrx_word' id='word_1_98' title='bbox 631 2279 692 2326; x_wconf 84' lang='lat' dir='ltr'>nec</span> <span class='ocrx_word' id='word_1_99' title='bbox 716 2259 879 2343; x_wconf 78' lang='lat' dir='ltr'>desider03</span> 
     </span>
    </p>
   </div>
   <div class='ocr_carea' id='block_1_4' title="bbox 156 2431 1184 2747">
    <p class='ocr_par' dir='ltr' id='par_1_5' title="bbox 156 2431 1184 2747">
     <span class='ocr_line' id='line_1_18' title="bbox 156 2431 1183 2520; baseline 0 -22"><span class='ocrx_word' id='word_1_100' title='bbox 156 2436 266 2498; x_wconf 86' lang='lat' dir='ltr'>tamen</span> <span class='ocrx_word' id='word_1_101' title='bbox 296 2433 421 2499; x_wconf 80' lang='lat' dir='ltr'>tristem</span> <span class='ocrx_word' id='word_1_102' title='bbox 451 2452 526 2500; x_wconf 92' lang='lat' dir='ltr'>eum</span> <span class='ocrx_word' id='word_1_103' title='bbox 557 2453 629 2501; x_wconf 88' lang='lat' dir='ltr'>esse</span> <span class='ocrx_word' id='word_1_104' title='bbox 657 2438 882 2520; x_wconf 88' lang='lat' dir='ltr'>moestumque</span> <span class='ocrx_word' id='word_1_105' title='bbox 911 2431 1006 2500; x_wconf 78' lang='lat' dir='ltr'>facile</span> <span class='ocrx_word' id='word_1_106' title='bbox 1027 2435 1183 2520; x_wconf 79' lang='lat' dir='ltr'>agnoscis.</span> 
     </span>
     <span class='ocr_line' id='line_1_19' title="bbox 157 2546 1184 2633; baseline 0.001 -21"><span class='ocrx_word' id='word_1_107' title='bbox 157 2546 234 2612; x_wconf 85' lang='lat' dir='ltr'>Non</span> <span class='ocrx_word' id='word_1_108' title='bbox 264 2566 339 2633; x_wconf 84' lang='lat' dir='ltr'>ergo</span> <span class='ocrx_word' id='word_1_109' title='bbox 370 2552 490 2615; x_wconf 87' lang='lat' dir='ltr'>temere</span> <span class='ocrx_word' id='word_1_110' title='bbox 518 2553 568 2614; x_wconf 90' lang='lat' dir='ltr'>est</span> <span class='ocrx_word' id='word_1_111' title='bbox 599 2548 686 2633; x_wconf 89' lang='lat' dir='ltr'>qued</span> <span class='ocrx_word' id='word_1_112' title='bbox 715 2547 875 2614; x_wconf 86' lang='lat' dir='ltr'>eiusmodi</span> <span class='ocrx_word' id='word_1_113' title='bbox 906 2551 954 2613; x_wconf 91' lang='lat' dir='ltr'>est</span> <span class='ocrx_word' id='word_1_114' title='bbox 983 2548 1088 2633; x_wconf 87' lang='lat' dir='ltr'>prima</span> <span class='ocrx_word' id='word_1_115' title='bbox 1109 2547 1184 2613; x_wconf 91' lang='lat' dir='ltr'>libri</span> 
     </span>
     <span class='ocr_line' id='line_1_20' title="bbox 157 2658 1005 2747; baseline 0 -21"><span class='ocrx_word' id='word_1_116' title='bbox 157 2658 269 2726; x_wconf 86' lang='lat' dir='ltr'>fabula</span> <span class='ocrx_word' id='word_1_117' title='bbox 290 2666 329 2727; x_wconf 93' lang='lat' dir='ltr'>ut</span> <span class='ocrx_word' id='word_1_118' title='bbox 350 2662 436 2728; x_wconf 88' lang='lat' dir='ltr'>haud</span> <span class='ocrx_word' id='word_1_119' title='bbox 459 2663 566 2747; x_wconf 87' lang='lat' dir='ltr'>inepte</span> <span class='ocrx_word' id='word_1_120' title='bbox 588 2662 650 2728; x_wconf 86' lang='lat' dir='ltr'>hoe</span> <span class='ocrx_word' id='word_1_121' title='bbox 672 2666 805 2728; x_wconf 89' lang='lat' dir='ltr'>ornetur</span> <span class='ocrx_word' id='word_1_122' title='bbox 825 2663 1005 2746; x_wconf 77' lang='lat' dir='ltr'>proiiemie:</span> 
     </span>
    </p>
   </div>
   <div class='ocr_carea' id='block_1_5' title="bbox 246 2823 1077 3139">
    <p class='ocr_par' dir='ltr' id='par_1_6' title="bbox 246 2823 1077 3139">
     <span class='ocr_line' id='line_1_21' title="bbox 248 2823 977 2912; baseline 0.001 -21"><span class='ocrx_word' id='word_1_123' title='bbox 248 2823 313 2902; x_wconf 82' lang='lat' dir='ltr'>Qui</span> <span class='ocrx_word' id='word_1_124' title='bbox 336 2830 432 2892; x_wconf 89' lang='lat' dir='ltr'>natus</span> <span class='ocrx_word' id='word_1_125' title='bbox 455 2831 504 2892; x_wconf 91' lang='lat' dir='ltr'>est</span> <span class='ocrx_word' id='word_1_126' title='bbox 526 2825 649 2912; x_wconf 83' lang='lat' dir='ltr'>infelix,</span> <span class='ocrx_word' id='word_1_127' title='bbox 671 2846 738 2892; x_wconf 89' lang='lat' dir='ltr'>non</span> <span class='ocrx_word' id='word_1_128' title='bbox 759 2828 859 2893; x_wconf 86' lang='lat' dir='ltr'>vitam</span> <span class='ocrx_word' id='word_1_129' title='bbox 882 2826 977 2892; x_wconf 89' lang='lat' dir='ltr'>modo</span> 
     </span>
     <span class='ocr_line' id='line_1_22' title="bbox 248 2941 1077 3027; baseline 0.002 -21"><span class='ocrx_word' id='word_1_130' title='bbox 248 2942 373 3006; x_wconf 87' lang='lat' dir='ltr'>tristem</span> <span class='ocrx_word' id='word_1_131' title='bbox 397 2941 545 3025; x_wconf 87' lang='lat' dir='ltr'>decurrit,</span> <span class='ocrx_word' id='word_1_132' title='bbox 566 2960 680 3007; x_wconf 80' lang='lat' dir='ltr'>vemm</span> <span class='ocrx_word' id='word_1_133' title='bbox 702 2946 776 3027; x_wconf 91' lang='lat' dir='ltr'>post</span> <span class='ocrx_word' id='word_1_134' title='bbox 798 2941 923 3007; x_wconf 89' lang='lat' dir='ltr'>obitum</span> <span class='ocrx_word' id='word_1_135' title='bbox 947 2959 1077 3027; x_wconf 90' lang='lat' dir='ltr'>quoque</span> 
     </span>
     <span class='ocr_line' id='line_1_23' title="bbox 246 3054 907 3139; baseline 0.002 -19"><span class='ocrx_word' id='word_1_136' title='bbox 246 3054 453 3139; x_wconf 87' lang='lat' dir='ltr'>persequitur</span> <span class='ocrx_word' id='word_1_137' title='bbox 474 3054 567 3120; x_wconf 90' lang='lat' dir='ltr'>illum</span> <span class='ocrx_word' id='word_1_138' title='bbox 590 3054 673 3120; x_wconf 88' lang='lat' dir='ltr'>dura</span> <span class='ocrx_word' id='word_1_139' title='bbox 690 3054 748 3120; x_wconf 88' lang='lat' dir='ltr'>fati</span> <span class='ocrx_word' id='word_1_140' title='bbox 771 3056 907 3121; x_wconf 80' lang='lat' dir='ltr'>miseria</span> 
     </span>
    </p>
   </div>
   <div class='ocr_carea' id='block_1_6' title="bbox 159 3226 1184 3431">
    <p class='ocr_par' dir='ltr' id='par_1_7' title="bbox 159 3226 1184 3431">
     <span class='ocr_line' id='line_1_24' title="bbox 160 3226 1184 3315; baseline 0.003 -22"><span class='ocrx_word' id='word_1_141' title='bbox 160 3226 225 3294; x_wconf 83' lang='lat' dir='ltr'>Sed</span> <span class='ocrx_word' id='word_1_142' title='bbox 258 3230 366 3294; x_wconf 87' lang='lat' dir='ltr'>statim</span> <span class='ocrx_word' id='word_1_143' title='bbox 398 3232 510 3314; x_wconf 82' lang='lat' dir='ltr'>postea</span> <span class='ocrx_word' id='word_1_144' title='bbox 545 3228 651 3295; x_wconf 89' lang='lat' dir='ltr'>denuo</span> <span class='ocrx_word' id='word_1_145' title='bbox 681 3234 788 3315; x_wconf 83' lang='lat' dir='ltr'>aperte</span> <span class='ocrx_word' id='word_1_146' title='bbox 816 3230 857 3295; x_wconf 89' lang='lat' dir='ltr'>de</span> <span class='ocrx_word' id='word_1_147' title='bbox 887 3249 922 3297; x_wconf 90' lang='lat' dir='ltr'>se</span> <span class='ocrx_word' id='word_1_148' title='bbox 950 3248 1076 3315; x_wconf 89' lang='lat' dir='ltr'>suoque</span> <span class='ocrx_word' id='word_1_149' title='bbox 1105 3248 1184 3296; x_wconf 85' lang='lat' dir='ltr'>casu</span> 
     </span>
     <span class='ocr_line' id='line_1_25' title="bbox 159 3339 1184 3431; baseline 0.006 -26"><span class='ocrx_word' id='word_1_150' title='bbox 159 3339 252 3426; x_wconf 91' lang='lat' dir='ltr'>loqui</span> <span class='ocrx_word' id='word_1_151' title='bbox 272 3343 384 3428; x_wconf 88' lang='lat' dir='ltr'>pergit</span> <span class='ocrx_word' id='word_1_152' title='bbox 410 3340 514 3426; x_wconf 85' lang='lat' dir='ltr'>„Leve</span> <span class='ocrx_word' id='word_1_153' title='bbox 535 3341 615 3408; x_wconf 90' lang='lat' dir='ltr'>tibi”</span> <span class='ocrx_word' id='word_1_154' title='bbox 639 3345 685 3408; x_wconf 86' lang='lat' dir='ltr'>ait</span> <span class='ocrx_word' id='word_1_155' title='bbox 709 3343 888 3428; x_wconf 87' lang='lat' dir='ltr'>„librorum</span> <span class='ocrx_word' id='word_1_156' title='bbox 910 3363 1057 3410; x_wconf 85' lang='lat' dir='ltr'>meorum</span> <span class='ocrx_word' id='word_1_157' title='bbox 1078 3363 1184 3431; x_wconf 81' lang='lat' dir='ltr'>genus</span> 
     </span>
    </p>
   </div>
   <div class='ocr_carea' id='block_1_7' title="bbox 157 3612 1184 3774">
    <p class='ocr_par' dir='ltr' id='par_1_8' title="bbox 157 3612 1184 3774">
     <span class='ocr_line' id='line_1_26' title="bbox 193 3612 1184 3684; baseline 0.005 -18"><span class='ocrx_word' id='word_1_158' title='bbox 193 3612 221 3682; x_wconf 84' lang='lat'>1)</span> <span class='ocrx_word' id='word_1_159' title='bbox 239 3615 360 3668; x_wconf 81' lang='lat' dir='ltr'>Deleatur</span> <span class='ocrx_word' id='word_1_160' title='bbox 376 3615 426 3668; x_wconf 84' lang='lat' dir='ltr'>hoe</span> <span class='ocrx_word' id='word_1_161' title='bbox 444 3613 609 3682; x_wconf 77' lang='lat' dir='ltr'>participium</span> <span class='ocrx_word' id='word_1_162' title='bbox 626 3616 696 3682; x_wconf 82' lang='lat' dir='ltr'>quod</span> <span class='ocrx_word' id='word_1_163' title='bbox 712 3616 856 3684; x_wconf 71' lang='lat' dir='ltr'>elegantem</span> <span class='ocrx_word' id='word_1_164' title='bbox 872 3615 1015 3670; x_wconf 83' lang='lat' dir='ltr'>sententiae</span> <span class='ocrx_word' id='word_1_165' title='bbox 1023 3620 1184 3671; x_wconf 64' lang='lat' dir='ltr'>smutturam</span> 
     </span>
     <span class='ocr_line' id='line_1_27' title="bbox 157 3707 315 3774; baseline 0 -16"><span class='ocrx_word' id='word_1_166' title='bbox 157 3707 315 3774; x_wconf 83' lang='lat' dir='ltr'>pessumdat.</span> 
     </span>
    </p>
   </div>
   <div class='ocr_carea' id='block_1_8' title="bbox 0 0 1355 4290">
    <p class='ocr_par' dir='ltr' id='par_1_9' title="bbox 0 0 1355 4290">
     <span class='ocr_line' id='line_1_28' title="bbox 0 0 1355 4290; baseline 0 0"><span class='ocrx_word' id='word_1_167' title='bbox 0 0 1355 4290; x_wconf 95' lang='lat' dir='ltr'> </span> 
     </span>
    </p>
   </div>
  </div>
 </body>
</html>
