2676 4290
654 208 694 272 10

362 395 466 480 palam
491 395 622 460 muttire
644 394 766 480 plebeio
789 395 984 480 piaculumst

159 547 229 630 eius
260 548 291 610 et
323 564 448 629 semper
472 563 594 610 memor
616 544 664 610 fui
688 549 719 610 et
741 545 873 629 posthae
897 564 1022 610 memor
1044 543 1128 608 ero.''
1151 544 1190 609 Id

161 657 268 723 tamen
303 657 421 723 diceret
455 662 578 742 noster,’
607 660 636 722 si
668 677 686 722 e
716 656 834 722 fabulis
866 659 935 723 eius
967 661 1060 722 natae
1084 662 1191 722 essent

160 772 347 836 calumniae.
371 769 520 855 Denique
541 772 602 836 hoe
622 790 752 856 quoque
773 770 872 836 addo:
893 791 973 835 num
994 772 1021 835 si
1042 769 1190 836 efabulis

160 886 316 970 originem
339 889 513 951 traxissent
535 887 714 951 calumniae
735 887 770 950 in
792 885 985 968 Phaedrum,
1005 886 1187 969 quaehaud

159 1001 257 1067 dubie
291 1021 349 1086 per
383 1002 514 1086 aliquod
543 1005 671 1086 tempus
701 1002 736 1065 in
767 1020 822 1066 ore
853 1001 1021 1064 hominum
1044 1004 1189 1064 versatae

159 1119 244 1198 sunt,
279 1114 416 1180 scribere
450 1135 488 1180 ea
518 1116 676 1200 potuisset
706 1113 827 1180 Seneoa
856 1133 939 1198 quae
969 1114 1126 1198 leguntur
1154 1115 1189 1177 in

159 1229 377 1293 consolatione
400 1229 440 1293 ad
461 1227 637 1310 Polybium
661 1227 799 1311 (Claudii
821 1226 982 1311 libertum,
1005 1246 1080 1312 ergo
1093 1225 1187 1292 Olau-

158 1341 210 1407 dio
233 1343 409 1427 imperante
433 1343 561 1427 scripta)
587 1343 646 1406 37:
890 1359 892 1364 ·

289 1503 365 1570 Non
398 1504 501 1570 audeo
531 1510 564 1570 te
596 1524 700 1590 usque
723 1523 761 1570 eo
783 1504 970 1589 producere,
993 1508 1032 1568 ut
1053 1503 1186 1570 fabellas

244 1637 376 1702 quoque
418 1623 450 1684 et
482 1619 647 1704 Aesopeos
680 1619 782 1704 logos,
814 1619 1000 1683 intentatam
1034 1618 1187 1685 Roraaois

243 1731 373 1814 inuentis
395 1753 481 1818 opas,
505 1734 598 1798 solita
620 1732 682 1798 tibi
703 1738 872 1799 venustate
896 1738 1077 1799 connectas.

199 1892 285 1958 Nam
308 1914 383 1979 non,
407 1897 529 1980 opinor,
552 1900 617 1961 tam
640 1895 774 1961 absurdi
797 1899 928 1980 tamque
948 1897 1072 1962 nullius
1090 1899 1187 1982 pretii

156 2029 302 2094 unquam
337 2011 399 2076 visi
432 2016 510 2076 sunt
540 2011 679 2076 Phaedri
709 2010 810 2076 libelli
832 2015 878 2095 ut,
902 2013 999 2076 etiam
1023 2013 1051 2076 si
1074 2031 1186 2076 ansam

154 2126 300 2191 dedisent
322 2145 491 2190 rumorum
513 2127 717 2211 popularium
744 2126 905 2210 vulgoque
928 2130 1078 2190 notarum
1100 2127 1185 2190 iniu-

152 2240 284 2322 riarum,
305 2258 359 2304 eos
376 2243 432 2304 aut
443 2240 592 2324 ignorare
604 2244 660 2304 aut
672 2239 874 2304 dissimulare
884 2240 1042 2325 potuisset
1054 2238 1184 2324 Seneca,

152 2353 204 2416 vir
232 2355 263 2417 et
293 2353 328 2416 in
356 2352 457 2418 literis'
480 2357 521 2436 et,
544 2372 741 2437 quamquam
764 2371 801 2417 eo
825 2357 968 2438 tempore
991 2353 1086 2418 exsul
1108 2357 1186 2424 erat,

154 2467 250 2530 etiam
273 2466 308 2530 in
331 2465 413 2532 urbe
436 2467 684 2532 versatissimus.

196 2578 326 2664 Ergone
347 2581 396 2644 nil
418 2581 481 2645 nisi
504 2579 631 2645 fabulas
655 2600 731 2646 suas
750 2579 843 2646 nobis
864 2580 995 2665 reliquit
1006 2579 1185 2664 Phaedrus,

153 2693 192 2759 de
215 2697 315 2758 semet
337 2695 408 2778 ipso
432 2712 565 2778 prorsus
588 2693 668 2758 nihil
692 2713 752 2758 nos
775 2694 908 2759 docuit?
932 2693 1065 2759 Minime
1088 2713 1181 2759 vero:

150 2809 212 2873 hoe
235 2809 322 2874 enim
340 2828 397 2893 pro
417 2813 503 2874 certo
523 2812 649 2875 oonsmt
659 2809 803 2894 Augusti
814 2828 888 2875 eum
900 2808 1052 2874 libertum
1064 2809 1181 2892 fuisse;

150 2924 211 2988 hoo
245 2923 314 3008 ipse
347 2922 454 2989 verbis
487 2923 614 2989 disertis
645 2923 792 3008 declarat,
822 2925 910 2989 huno
933 2926 1027 3008 quasi
1050 2923 1182 2989 titulum

149 3055 226 3120 prae
250 3056 284 3102 se
306 3035 375 3102 fert
398 3036 550 3122 Inscripti
573 3038 660 3103 enim
685 3039 732 3102 sie
754 3038 824 3103 eius
847 3036 921 3101 libri
945 3041 1038 3102 sunt:

505 3185 601 3252 Liber
627 3185 824 3252 Fabularum

459 3297 555 3365 Iledri
576 3300 721 3384 Augusti
742 3299 849 3366 liberti

505 3413 601 3479 Liber
623 3413 827 3480 Fabularum.

192 3574 252 3643 Ab.
275 3575 326 3642 his
356 3576 523 3643 vocabulis
553 3578 677 3643 orditur
696 3577 814 3644 nobilis
832 3580 888 3644 ille
907 3578 1008 3644 oodex
1027 3579 1179 3644 Pithoeu-

205 3986 434 4132 A
