2676 4290
657 314 699 377 74

160 502 247 587 quod
279 522 298 566 a
325 502 392 566 cod.
416 500 455 565 V.
480 501 579 586 abest,
602 503 808 566 consentiunt
831 501 893 564 viri
916 499 1009 563 docti.
1039 496 1105 564 Sed
1134 516 1203 561 non

159 617 261 700 magis
285 614 488 701 probandum
512 614 739 700 epimythium:

291 789 421 855 Fabella
443 789 522 854 tales
547 789 712 855 hominum
739 789 892 854 discernit
914 791 1009 852 notas

291 922 413 987 eorum,
437 905 494 988 qui
517 922 551 969 se
572 903 663 969 falsis
686 907 803 967 omant
825 900 986 984 laudibus,

291 1022 323 1082 et
347 1036 487 1101 quorum
510 1017 615 1081 virtus
638 1015 769 1081 exhibet
792 1013 933 1080 solidum
957 1013 1072 1078 decus.

202 1179 297 1258 Quod
320 1201 418 1266 quam
441 1182 483 1245 sit
505 1182 652 1265 ineptum
674 1179 791 1244 velex
815 1197 882 1243 uno
905 1175 1068 1241 vocabulo
1088 1195 1202 1242 corum

156 1299 295 1379 apparet
318 1293 394 1359 Non
416 1299 536 1360 temere
559 1313 633 1379 ergo
657 1298 706 1358 est
729 1291 817 1377 quod
833 1291 963 1358 Perotto
984 1290 1063 1356 illos
1078 1310 1200 1357 versus

157 1427 224 1472 non
245 1410 400 1493 agnoscit.

199 1522 257 1606 IV,
281 1522 332 1586 26.
356 1521 422 1587 Sex
445 1521 593 1588 versibus
616 1519 743 1585 brevior
767 1523 816 1583 est
838 1520 917 1583 haec
940 1519 1088 1582 narratio
1109 1518 1201 1604 apud

154 1635 323 1701 Perottum
355 1655 453 1720 quam
483 1637 518 1699 in
549 1633 714 1699 codicibus
746 1630 938 1714 Gallicanis3
961 1635 1138 1717 tantoque,
1163 1637 1202 1698 ut

154 1752 278 1835 opinor,
308 1751 431 1815 melior.
463 1747 566 1825 Quam
593 1750 737 1832 ineptum
763 1749 850 1813 enim
874 1751 924 1812 est
946 1746 1200 1830 promythium:

289 1912 456 1991 Quantum
475 1913 618 1977 valerent
640 1914 726 1977 inter
747 1912 894 1977 homines
918 1911 1054 1995 litterae,

289 2027 359 2090 dixi
383 2027 548 2110 superius:
574 2029 716 2109 quantus
739 2042 829 2088 nunc
850 2023 916 2089 illis
939 2024 1045 2088 honos

288 2158 308 2202 a
331 2140 457 2223 superis
479 2139 522 2202 sit
544 2136 687 2201 tributus
711 2136 835 2200 tradam
859 2136 1042 2201 memoriae.

197 2288 251 2352 An
283 2288 339 2352 illo
375 2289 552 2353 sententiae
584 2287 654 2351 loco
685 2285 878 2351 vocabulum
910 2304 1000 2350 auno
1028 2285 1085 2350 vel
1109 2286 1208 2371 apud

151 2404 279 2485 poetam
302 2401 380 2485 poni
401 2401 531 2485 potest?
554 2400 634 2465 Post
656 2418 703 2463 vs.
728 2398 771 2462 20

286 2560 480 2646 Splendebat
502 2561 604 2627 hilare
625 2561 751 2646 poculis
774 2561 962 2625 convivium

151 2711 277 2794 ingrate
300 2708 443 2775 abundat

285 2871 404 2955 Magno
428 2877 584 2958 apparatu
606 2871 690 2937 laeta
712 2870 884 2936 resonabat
907 2871 1033 2937 domus

194 3020 362 3086 Postremo
386 3021 471 3105 apud
493 3020 661 3085 Perottum
681 3020 833 3085 exsulant
857 3039 920 3085 vss.
946 3020 988 3083 26
1014 3039 1088 3104 sq.:

283 3179 393 3264 Ipsius
415 3182 570 3245 interesse
590 3199 631 3245 ne
652 3179 748 3245 faciat
772 3198 895 3244 moram

284 3290 391 3355 Homo
414 3291 620 3377 perturbatus
643 3295 763 3357 excitat
785 3291 995 3360 Simonidem.

195 3439 312 3524 Neque
336 3438 454 3505 Orellio
479 3443 616 3524 aliisque
638 3443 717 3506 viris
741 3442 842 3507 doctis
866 3449 1027 3513 assentior
1050 3469 1200 3519 censen·

150 3551 239 3618 tibus
261 3552 335 3615 ideo
358 3552 417 3617 hos
440 3572 554 3618 versus
573 3573 592 3617 a
611 3552 740 3618 Perotto
759 3572 829 3618 esse
850 3557 987 3622 omissos
1010 3562 1198 3645 quodiam

149 3668 226 3729 ante
255 3663 349 3727 illum
380 3665 432 3730 vel
462 3667 533 3732 eius
563 3673 727 3734 auctorem
757 3685 914 3733 versuum
945 3670 1105 3742 turbatus
1129 3677 1197 3745 hoc
