<?xml version="1.0" encoding="UTF-8"?>
<!DOCTYPE html PUBLIC "-//W3C//DTD XHTML 1.0 Transitional//EN"
    "http://www.w3.org/TR/xhtml1/DTD/xhtml1-transitional.dtd">
<html xmlns="http://www.w3.org/1999/xhtml" xml:lang="en" lang="en">
 <head>
  <title>
</title>
<meta http-equiv="Content-Type" content="text/html;charset=utf-8" />
  <meta name='ocr-system' content='tesseract 3.04.00' />
  <meta name='ocr-capabilities' content='ocr_page ocr_carea ocr_par ocr_line ocrx_word'/>
</head>
<body>
  <div class='ocr_page' id='page_1' title='image "./dephaedrifabuli00hartgoog_0120.png"; bbox 0 0 2676 4290; ppageno 0'>
   <div class='ocr_carea' id='block_1_1' title="bbox 148 537 389 604">
    <p class='ocr_par' dir='ltr' id='par_1_1' title="bbox 148 537 389 604">
     <span class='ocr_line' id='line_1_1' title="bbox 148 537 389 604; baseline 0.004 -1"><span class='ocrx_word' id='word_1_1' title='bbox 148 538 186 603; x_wconf 89' lang='lat' dir='ltr'>P.</span> <span class='ocrx_word' id='word_1_2' title='bbox 211 537 246 604; x_wconf 75' lang='lat' dir='ltr'>R</span> <span class='ocrx_word' id='word_1_3' title='bbox 269 537 389 604; x_wconf 88' lang='lat' dir='ltr'>habent</span> 
     </span>
    </p>
   </div>
   <div class='ocr_carea' id='block_1_2' title="bbox 235 714 855 801">
    <p class='ocr_par' dir='ltr' id='par_1_2' title="bbox 235 714 855 801">
     <span class='ocr_line' id='line_1_2' title="bbox 235 714 855 801; baseline 0.003 -23"><span class='ocrx_word' id='word_1_4' title='bbox 235 714 302 780; x_wconf 86' lang='lat' dir='ltr'>fero</span> <span class='ocrx_word' id='word_1_5' title='bbox 323 714 377 779; x_wconf 84' lang='lat' dir='ltr'>dat</span> <span class='ocrx_word' id='word_1_6' title='bbox 398 732 517 799; x_wconf 86' lang='lat' dir='ltr'>poenas</span> <span class='ocrx_word' id='word_1_7' title='bbox 541 715 626 799; x_wconf 83' lang='lat' dir='ltr'><strong>turpi</strong></span> <span class='ocrx_word' id='word_1_8' title='bbox 649 717 855 801; x_wconf 88' lang='lat' dir='ltr'>poenitentia.</span> 
     </span>
    </p>
   </div>
   <div class='ocr_carea' id='block_1_3' title="bbox 145 874 600 961">
    <p class='ocr_par' dir='ltr' id='par_1_3' title="bbox 145 874 600 961">
     <span class='ocr_line' id='line_1_3' title="bbox 145 874 600 961; baseline 0.004 -21"><span class='ocrx_word' id='word_1_9' title='bbox 145 874 298 961; x_wconf 82' lang='lat' dir='ltr'>Suspicor</span> <span class='ocrx_word' id='word_1_10' title='bbox 318 879 447 961; x_wconf 74' lang='lat' dir='ltr'>poetam</span> <span class='ocrx_word' id='word_1_11' title='bbox 472 876 600 942; x_wconf 78' lang='lat' dir='ltr'>dedisse</span> 
     </span>
    </p>
   </div>
   <div class='ocr_carea' id='block_1_4' title="bbox 236 1051 936 1139">
    <p class='ocr_par' dir='ltr' id='par_1_4' title="bbox 236 1051 936 1139">
     <span class='ocr_line' id='line_1_4' title="bbox 236 1051 936 1139; baseline 0.001 -22"><span class='ocrx_word' id='word_1_12' title='bbox 236 1051 332 1118; x_wconf 88' lang='lat' dir='ltr'>Serae</span> <span class='ocrx_word' id='word_1_13' title='bbox 355 1052 409 1117; x_wconf 89' lang='lat' dir='ltr'>dat</span> <span class='ocrx_word' id='word_1_14' title='bbox 430 1071 550 1137; x_wconf 85' lang='lat' dir='ltr'>peenas</span> <span class='ocrx_word' id='word_1_15' title='bbox 572 1056 683 1139; x_wconf 84' lang='lat' dir='ltr'>turpes</span> <span class='ocrx_word' id='word_1_16' title='bbox 705 1052 936 1119; x_wconf 90' lang='lat' dir='ltr'>Peenitentiae.</span> 
     </span>
    </p>
   </div>
   <div class='ocr_carea' id='block_1_5' title="bbox 98 1215 1134 3806">
    <p class='ocr_par' dir='ltr' id='par_1_5' title="bbox 100 1215 1133 1416">
     <span class='ocr_line' id='line_1_5' title="bbox 147 1215 1133 1304; baseline 0.001 -24"><span class='ocrx_word' id='word_1_17' title='bbox 147 1215 363 1299; x_wconf 84' lang='lat' dir='ltr'>Metenymiae</span> <span class='ocrx_word' id='word_1_18' title='bbox 393 1219 479 1282; x_wconf 91' lang='lat' dir='ltr'>enim</span> <span class='ocrx_word' id='word_1_19' title='bbox 507 1216 612 1302; x_wconf 82' lang='lat' dir='ltr'>figura</span> <span class='ocrx_word' id='word_1_20' title='bbox 642 1217 719 1282; x_wconf 88' lang='lat' dir='ltr'>satis</span> <span class='ocrx_word' id='word_1_21' title='bbox 750 1217 812 1304; x_wconf 87' lang='lat' dir='ltr'>ipsi</span> <span class='ocrx_word' id='word_1_22' title='bbox 835 1215 980 1282; x_wconf 87' lang='lat' dir='ltr'>Phaedro</span> <span class='ocrx_word' id='word_1_23' title='bbox 1003 1220 1133 1303; x_wconf 83' lang='lat' dir='ltr'>accepta</span> 
     </span>
     <span class='ocr_line' id='line_1_6' title="bbox 100 1330 1133 1416; baseline 0.001 -23"><span class='ocrx_word' id='word_1_24' title='bbox 100 1330 208 1414; x_wconf 90' lang='lat' dir='ltr'>inepte</span> <span class='ocrx_word' id='word_1_25' title='bbox 232 1330 411 1395; x_wconf 82' lang='lat' dir='ltr'>abutuntur</span> <span class='ocrx_word' id='word_1_26' title='bbox 433 1331 688 1415; x_wconf 87' lang='lat' dir='ltr'>promythiorum</span> <span class='ocrx_word' id='word_1_27' title='bbox 709 1331 1027 1416; x_wconf 84' lang='lat' dir='ltr'>epimythiorumque</span> <span class='ocrx_word' id='word_1_28' title='bbox 1038 1330 1133 1395; x_wconf 89' lang='lat' dir='ltr'>fabri.</span> 
     </span>
    </p>

    <p class='ocr_par' dir='ltr' id='par_1_6' title="bbox 98 1443 1134 3806">
     <span class='ocr_line' id='line_1_7' title="bbox 147 1443 1131 1531; baseline 0.003 -23"><span class='ocrx_word' id='word_1_29' title='bbox 147 1443 173 1528; x_wconf 91' lang='lat' dir='ltr'>I,</span> <span class='ocrx_word' id='word_1_30' title='bbox 205 1446 255 1509; x_wconf 88' lang='lat'>14.</span> <span class='ocrx_word' id='word_1_31' title='bbox 287 1444 375 1510; x_wconf 89' lang='lat' dir='ltr'>Scire</span> <span class='ocrx_word' id='word_1_32' title='bbox 406 1445 558 1530; x_wconf 84' lang='lat' dir='ltr'>pervelim</span> <span class='ocrx_word' id='word_1_33' title='bbox 585 1445 690 1531; x_wconf 88' lang='lat' dir='ltr'>qualis</span> <span class='ocrx_word' id='word_1_34' title='bbox 713 1446 847 1530; x_wconf 84' lang='lat' dir='ltr'>antiqua</span> <span class='ocrx_word' id='word_1_35' title='bbox 869 1444 968 1511; x_wconf 86' lang='lat' dir='ltr'>fuerit</span> <span class='ocrx_word' id='word_1_36' title='bbox 991 1447 1131 1511; x_wconf 89' lang='lat' dir='ltr'>narratio</span> 
     </span>
     <span class='ocr_line' id='line_1_8' title="bbox 100 1558 1130 1644; baseline 0 -21"><span class='ocrx_word' id='word_1_37' title='bbox 100 1576 119 1623; x_wconf 91' lang='lat' dir='ltr'>e</span> <span class='ocrx_word' id='word_1_38' title='bbox 150 1577 213 1641; x_wconf 92' lang='lat' dir='ltr'>qua</span> <span class='ocrx_word' id='word_1_39' title='bbox 234 1559 466 1643; x_wconf 82' lang='lat' dir='ltr'><strong>ineptissimam</strong></span> <span class='ocrx_word' id='word_1_40' title='bbox 489 1559 572 1623; x_wconf 92' lang='lat' dir='ltr'>hanc</span> <span class='ocrx_word' id='word_1_41' title='bbox 596 1558 829 1644; x_wconf 85' lang='lat' dir='ltr'>corrumpendo</span> <span class='ocrx_word' id='word_1_42' title='bbox 852 1559 928 1624; x_wconf 89' lang='lat' dir='ltr'>fecit</span> <span class='ocrx_word' id='word_1_43' title='bbox 951 1558 1130 1625; x_wconf 77' lang='lat' dir='ltr'>Phaedrus,</span> 
     </span>
     <span class='ocr_line' id='line_1_9' title="bbox 99 1668 1126 1757; baseline 0.003 -23"><span class='ocrx_word' id='word_1_44' title='bbox 99 1668 200 1736; x_wconf 81' lang='lat' dir='ltr'>Cuius</span> <span class='ocrx_word' id='word_1_45' title='bbox 235 1672 312 1736; x_wconf 81' lang='lat' dir='ltr'>vitia</span> <span class='ocrx_word' id='word_1_46' title='bbox 347 1673 454 1736; x_wconf 90' lang='lat' dir='ltr'>omnia</span> <span class='ocrx_word' id='word_1_47' title='bbox 488 1691 675 1738; x_wconf 88' lang='lat' dir='ltr'>enumerare</span> <span class='ocrx_word' id='word_1_48' title='bbox 705 1675 763 1736; x_wconf 84' lang='lat' dir='ltr'>vix</span> <span class='ocrx_word' id='word_1_49' title='bbox 793 1692 953 1757; x_wconf 88' lang='lat' dir='ltr'>posssum,</span> <span class='ocrx_word' id='word_1_50' title='bbox 983 1672 1039 1738; x_wconf 92' lang='lat' dir='ltr'>sed</span> <span class='ocrx_word' id='word_1_51' title='bbox 1062 1673 1126 1738; x_wconf 92' lang='lat' dir='ltr'>duo</span> 
     </span>
     <span class='ocr_line' id='line_1_10' title="bbox 98 1785 1127 1871; baseline 0.001 -22"><span class='ocrx_word' id='word_1_52' title='bbox 98 1788 205 1850; x_wconf 90' lang='lat' dir='ltr'>tamen</span> <span class='ocrx_word' id='word_1_53' title='bbox 242 1785 398 1850; x_wconf 79' lang='lat' dir='ltr'>indicabo,</span> <span class='ocrx_word' id='word_1_54' title='bbox 433 1786 497 1852; x_wconf 89' lang='lat' dir='ltr'>Ubi</span> <span class='ocrx_word' id='word_1_55' title='bbox 531 1791 698 1871; x_wconf 88' lang='lat' dir='ltr'>terrarum,</span> <span class='ocrx_word' id='word_1_56' title='bbox 733 1805 861 1871; x_wconf 84' lang='lat' dir='ltr'>quaese,</span> <span class='ocrx_word' id='word_1_57' title='bbox 897 1807 1041 1871; x_wconf 90' lang='lat' dir='ltr'>unquam</span> <span class='ocrx_word' id='word_1_58' title='bbox 1072 1786 1127 1850; x_wconf 89' lang='lat' dir='ltr'>ille</span> 
     </span>
     <span class='ocr_line' id='line_1_11' title="bbox 101 1900 1130 1987; baseline 0.001 -24"><span class='ocrx_word' id='word_1_59' title='bbox 101 1901 206 1983; x_wconf 89' lang='lat' dir='ltr'>potuit</span> <span class='ocrx_word' id='word_1_60' title='bbox 236 1919 306 1966; x_wconf 88' lang='lat' dir='ltr'>esse</span> <span class='ocrx_word' id='word_1_61' title='bbox 336 1905 489 1985; x_wconf 83' lang='lat' dir='ltr'>quaestus</span> <span class='ocrx_word' id='word_1_62' title='bbox 516 1901 557 1965; x_wconf 91' lang='lat' dir='ltr'>ad</span> <span class='ocrx_word' id='word_1_63' title='bbox 587 1920 684 1985; x_wconf 91' lang='lat' dir='ltr'>quem</span> <span class='ocrx_word' id='word_1_64' title='bbox 714 1900 859 1987; x_wconf 83' lang='lat' dir='ltr'>confugit</span> <span class='ocrx_word' id='word_1_65' title='bbox 888 1901 997 1986; x_wconf 92' lang='lat' dir='ltr'>inopia</span> <span class='ocrx_word' id='word_1_66' title='bbox 1020 1900 1130 1985; x_wconf 90' lang='lat' dir='ltr'>deper-</span> 
     </span>
     <span class='ocr_line' id='line_1_12' title="bbox 99 2014 1130 2100; baseline -0.001 -22"><span class='ocrx_word' id='word_1_67' title='bbox 99 2014 179 2079; x_wconf 88' lang='lat' dir='ltr'>titns</span> <span class='ocrx_word' id='word_1_68' title='bbox 210 2014 326 2080; x_wconf 82' lang='lat' dir='ltr'>sutor?</span> <span class='ocrx_word' id='word_1_69' title='bbox 349 2015 402 2079; x_wconf 87' lang='lat' dir='ltr'>An</span> <span class='ocrx_word' id='word_1_70' title='bbox 426 2015 507 2080; x_wconf 88' lang='lat' dir='ltr'>forte</span> <span class='ocrx_word' id='word_1_71' title='bbox 529 2018 640 2080; x_wconf 87' lang='lat' dir='ltr'>tantus</span> <span class='ocrx_word' id='word_1_72' title='bbox 663 2016 772 2100; x_wconf 81' lang='lat' dir='ltr'>ignoto</span> <span class='ocrx_word' id='word_1_73' title='bbox 795 2016 851 2080; x_wconf 88' lang='lat' dir='ltr'>illo</span> <span class='ocrx_word' id='word_1_74' title='bbox 873 2016 944 2080; x_wconf 91' lang='lat' dir='ltr'>leco</span> <span class='ocrx_word' id='word_1_75' title='bbox 966 2015 1028 2080; x_wconf 89' lang='lat' dir='ltr'>fnit</span> <span class='ocrx_word' id='word_1_76' title='bbox 1051 2015 1130 2079; x_wconf 86' lang='lat' dir='ltr'>certi</span> 
     </span>
     <span class='ocr_line' id='line_1_13' title="bbox 98 2127 1130 2214; baseline 0 -22"><span class='ocrx_word' id='word_1_77' title='bbox 98 2128 267 2192; x_wconf 87' lang='lat' dir='ltr'>cuiusdam</span> <span class='ocrx_word' id='word_1_78' title='bbox 297 2131 414 2194; x_wconf 84' lang='lat' dir='ltr'>veneni</span> <span class='ocrx_word' id='word_1_79' title='bbox 437 2149 526 2213; x_wconf 86' lang='lat' dir='ltr'>usus,</span> <span class='ocrx_word' id='word_1_80' title='bbox 549 2133 585 2194; x_wconf 93' lang='lat' dir='ltr'>ut</span> <span class='ocrx_word' id='word_1_81' title='bbox 608 2130 665 2214; x_wconf 91' lang='lat' dir='ltr'>qui</span> <span class='ocrx_word' id='word_1_82' title='bbox 689 2130 759 2194; x_wconf 90' lang='lat' dir='ltr'>eius</span> <span class='ocrx_word' id='word_1_83' title='bbox 783 2129 949 2194; x_wconf 86' lang='lat' dir='ltr'>antidoten</span> <span class='ocrx_word' id='word_1_84' title='bbox 971 2127 1130 2193; x_wconf 89' lang='lat' dir='ltr'>venderet</span> 
     </span>
     <span class='ocr_line' id='line_1_14' title="bbox 98 2240 1131 2328; baseline 0.004 -25"><span class='ocrx_word' id='word_1_85' title='bbox 98 2240 220 2305; x_wconf 87' lang='lat' dir='ltr'>famam</span> <span class='ocrx_word' id='word_1_86' title='bbox 241 2241 302 2306; x_wconf 90' lang='lat' dir='ltr'>sibi</span> <span class='ocrx_word' id='word_1_87' title='bbox 325 2243 490 2327; x_wconf 84' lang='lat' dir='ltr'>acquirere</span> <span class='ocrx_word' id='word_1_88' title='bbox 512 2241 644 2327; x_wconf 84' lang='lat' dir='ltr'>posset?</span> <span class='ocrx_word' id='word_1_89' title='bbox 668 2241 731 2307; x_wconf 85' lang='lat' dir='ltr'>Sed</span> <span class='ocrx_word' id='word_1_90' title='bbox 749 2244 858 2328; x_wconf 88' lang='lat' dir='ltr'>inepta</span> <span class='ocrx_word' id='word_1_91' title='bbox 877 2243 1001 2306; x_wconf 88' lang='lat' dir='ltr'>ratione</span> <span class='ocrx_word' id='word_1_92' title='bbox 1026 2242 1131 2306; x_wconf 84' lang='lat' dir='ltr'>victus</span> 
     </span>
     <span class='ocr_line' id='line_1_15' title="bbox 102 2355 1131 2440; baseline 0 -20"><span class='ocrx_word' id='word_1_93' title='bbox 102 2355 278 2439; x_wconf 88' lang='lat' dir='ltr'>quaerendi</span> <span class='ocrx_word' id='word_1_94' title='bbox 306 2376 401 2440; x_wconf 90' lang='lat' dir='ltr'>quam</span> <span class='ocrx_word' id='word_1_95' title='bbox 427 2361 518 2421; x_wconf 86' lang='lat' dir='ltr'>sutor</span> <span class='ocrx_word' id='word_1_96' title='bbox 537 2357 662 2421; x_wconf 88' lang='lat' dir='ltr'>invenit</span> <span class='ocrx_word' id='word_1_97' title='bbox 684 2357 821 2440; x_wconf 81' lang='lat' dir='ltr'>ineptior</span> <span class='ocrx_word' id='word_1_98' title='bbox 844 2358 940 2421; x_wconf 89' lang='lat' dir='ltr'>etiam</span> <span class='ocrx_word' id='word_1_99' title='bbox 964 2356 1058 2421; x_wconf 89' lang='lat' dir='ltr'>dolus</span> <span class='ocrx_word' id='word_1_100' title='bbox 1082 2360 1131 2421; x_wconf 88' lang='lat' dir='ltr'>est</span> 
     </span>
     <span class='ocr_line' id='line_1_16' title="bbox 102 2469 1133 2555; baseline 0 -21"><span class='ocrx_word' id='word_1_101' title='bbox 102 2490 167 2555; x_wconf 92' lang='lat' dir='ltr'>que</span> <span class='ocrx_word' id='word_1_102' title='bbox 198 2470 238 2534; x_wconf 89' lang='lat' dir='ltr'>ad</span> <span class='ocrx_word' id='word_1_103' title='bbox 269 2489 343 2536; x_wconf 88' lang='lat' dir='ltr'>eum</span> <span class='ocrx_word' id='word_1_104' title='bbox 367 2470 624 2535; x_wconf 87' lang='lat' dir='ltr'>convincendum</span> <span class='ocrx_word' id='word_1_105' title='bbox 647 2471 750 2535; x_wconf 86' lang='lat' dir='ltr'>utitur</span> <span class='ocrx_word' id='word_1_106' title='bbox 770 2489 838 2536; x_wconf 88' lang='lat' dir='ltr'>rex.</span> <span class='ocrx_word' id='word_1_107' title='bbox 864 2469 899 2535; x_wconf 91' lang='lat' dir='ltr'>Si</span> <span class='ocrx_word' id='word_1_108' title='bbox 921 2475 1065 2536; x_wconf 87' lang='lat' dir='ltr'>sutorem</span> <span class='ocrx_word' id='word_1_109' title='bbox 1087 2472 1133 2534; x_wconf 87' lang='lat' dir='ltr'>ita</span> 
     </span>
     <span class='ocr_line' id='line_1_17' title="bbox 101 2584 1131 2668; baseline 0 -19"><span class='ocrx_word' id='word_1_110' title='bbox 101 2585 261 2649; x_wconf 77' lang='lat' dir='ltr'>allocutus</span> <span class='ocrx_word' id='word_1_111' title='bbox 293 2589 392 2650; x_wconf 87' lang='lat' dir='ltr'>esset:</span> <span class='ocrx_word' id='word_1_112' title='bbox 427 2603 487 2667; x_wconf 85' lang='lat' dir='ltr'>„en</span> <span class='ocrx_word' id='word_1_113' title='bbox 517 2603 690 2668; x_wconf 87' lang='lat' dir='ltr'>venenum,</span> <span class='ocrx_word' id='word_1_114' title='bbox 713 2584 822 2650; x_wconf 85' lang='lat' dir='ltr'>ebibe!</span> <span class='ocrx_word' id='word_1_115' title='bbox 846 2584 905 2649; x_wconf 88' lang='lat' dir='ltr'>tibi</span> <span class='ocrx_word' id='word_1_116' title='bbox 926 2603 1042 2650; x_wconf 89' lang='lat' dir='ltr'>necere</span> <span class='ocrx_word' id='word_1_117' title='bbox 1065 2605 1131 2650; x_wconf 90' lang='lat' dir='ltr'>nen</span> 
     </span>
     <span class='ocr_line' id='line_1_18' title="bbox 100 2683 1132 2784; baseline -0.002 -20"><span class='ocrx_word' id='word_1_118' title='bbox 100 2703 222 2783; x_wconf 87' lang='lat' dir='ltr'>potest;</span> <span class='ocrx_word' id='word_1_119' title='bbox 254 2703 401 2784; x_wconf 87' lang='lat' dir='ltr'>paratum</span> <span class='ocrx_word' id='word_1_120' title='bbox 433 2699 519 2763; x_wconf 92' lang='lat' dir='ltr'>enim</span> <span class='ocrx_word' id='word_1_121' title='bbox 550 2698 657 2782; x_wconf 89' lang='lat' dir='ltr'>habes,</span> <span class='ocrx_word' id='word_1_122' title='bbox 688 2702 726 2763; x_wconf 89' lang='lat' dir='ltr'>ut</span> <span class='ocrx_word' id='word_1_123' title='bbox 748 2697 906 2783; x_wconf 87' lang='lat' dir='ltr'>perhibes,</span> <span class='ocrx_word' id='word_1_124' title='bbox 924 2683 1132 2763; x_wconf 49' lang='lat' dir='ltr'>&#39;antidotum&#39;&#39;</span> 
     </span>
     <span class='ocr_line' id='line_1_19' title="bbox 104 2810 1132 2878; baseline -0.001 -1"><span class='ocrx_word' id='word_1_125' title='bbox 104 2815 175 2877; x_wconf 89' lang='lat' dir='ltr'>sani</span> <span class='ocrx_word' id='word_1_126' title='bbox 209 2812 347 2878; x_wconf 84' lang='lat' dir='ltr'>heminis</span> <span class='ocrx_word' id='word_1_127' title='bbox 382 2816 466 2878; x_wconf 87' lang='lat' dir='ltr'>esset</span> <span class='ocrx_word' id='word_1_128' title='bbox 501 2832 582 2878; x_wconf 87' lang='lat' dir='ltr'>usus</span> <span class='ocrx_word' id='word_1_129' title='bbox 617 2811 750 2877; x_wconf 90' lang='lat' dir='ltr'>consilio</span> <span class='ocrx_word' id='word_1_130' title='bbox 785 2816 816 2877; x_wconf 93' lang='lat' dir='ltr'>et</span> <span class='ocrx_word' id='word_1_131' title='bbox 849 2813 1000 2877; x_wconf 87' lang='lat' dir='ltr'>oratione.</span> <span class='ocrx_word' id='word_1_132' title='bbox 1035 2810 1132 2877; x_wconf 89' lang='lat' dir='ltr'>Nunc</span> 
     </span>
     <span class='ocr_line' id='line_1_20' title="bbox 103 2925 1132 3012; baseline -0.001 -20"><span class='ocrx_word' id='word_1_133' title='bbox 103 2927 212 2992; x_wconf 90' lang='lat' dir='ltr'>emnia</span> <span class='ocrx_word' id='word_1_134' title='bbox 233 2945 382 3012; x_wconf 86' lang='lat' dir='ltr'>perverse</span> <span class='ocrx_word' id='word_1_135' title='bbox 405 2926 496 2991; x_wconf 86' lang='lat' dir='ltr'>fiunt</span> <span class='ocrx_word' id='word_1_136' title='bbox 521 2926 658 2992; x_wconf 79' lang='lat' dir='ltr'>Simulat</span> <span class='ocrx_word' id='word_1_137' title='bbox 677 2926 763 2992; x_wconf 88' lang='lat' dir='ltr'>enim</span> <span class='ocrx_word' id='word_1_138' title='bbox 784 2944 819 2991; x_wconf 86' lang='lat' dir='ltr'>se</span> <span class='ocrx_word' id='word_1_139' title='bbox 831 2927 974 2991; x_wconf 88' lang='lat' dir='ltr'>toxicum</span> <span class='ocrx_word' id='word_1_140' title='bbox 989 2925 1132 2991; x_wconf 88' lang='lat' dir='ltr'>antidoto</span> 
     </span>
     <span class='ocr_line' id='line_1_21' title="bbox 102 3038 1130 3125; baseline -0.001 -20"><span class='ocrx_word' id='word_1_141' title='bbox 102 3042 236 3105; x_wconf 89' lang='lat' dir='ltr'>miseere</span> <span class='ocrx_word' id='word_1_142' title='bbox 267 3041 470 3125; x_wconf 85' lang='lat' dir='ltr'>mixtumque</span> <span class='ocrx_word' id='word_1_143' title='bbox 501 3040 581 3105; x_wconf 89' lang='lat' dir='ltr'>illud</span> <span class='ocrx_word' id='word_1_144' title='bbox 605 3040 792 3106; x_wconf 86' lang='lat' dir='ltr'>simulatum</span> <span class='ocrx_word' id='word_1_145' title='bbox 817 3040 978 3105; x_wconf 91' lang='lat' dir='ltr'>medicum</span> <span class='ocrx_word' id='word_1_146' title='bbox 1003 3038 1130 3104; x_wconf 92' lang='lat' dir='ltr'>ebibere</span> 
     </span>
     <span class='ocr_line' id='line_1_22' title="bbox 102 3151 1131 3240; baseline -0.003 -22"><span class='ocrx_word' id='word_1_147' title='bbox 102 3155 198 3220; x_wconf 82' lang='lat' dir='ltr'>iubet</span> <span class='ocrx_word' id='word_1_148' title='bbox 221 3154 295 3219; x_wconf 90' lang='lat' dir='ltr'>Non</span> <span class='ocrx_word' id='word_1_149' title='bbox 317 3156 370 3238; x_wconf 89' lang='lat' dir='ltr'>ita,</span> <span class='ocrx_word' id='word_1_150' title='bbox 394 3158 430 3219; x_wconf 87' lang='lat' dir='ltr'>nt</span> <span class='ocrx_word' id='word_1_151' title='bbox 455 3155 575 3240; x_wconf 87' lang='lat' dir='ltr'>opiner,</span> <span class='ocrx_word' id='word_1_152' title='bbox 594 3154 730 3219; x_wconf 87' lang='lat' dir='ltr'>antidoti</span> <span class='ocrx_word' id='word_1_153' title='bbox 749 3173 831 3238; x_wconf 88' lang='lat' dir='ltr'>quae</span> <span class='ocrx_word' id='word_1_154' title='bbox 851 3154 901 3218; x_wconf 87' lang='lat' dir='ltr'>vis</span> <span class='ocrx_word' id='word_1_155' title='bbox 913 3155 955 3219; x_wconf 89' lang='lat' dir='ltr'>sit</span> <span class='ocrx_word' id='word_1_156' title='bbox 969 3151 1131 3238; x_wconf 87' lang='lat' dir='ltr'>explorari</span> 
     </span>
     <span class='ocr_line' id='line_1_23' title="bbox 103 3267 1133 3353; baseline -0.004 -20"><span class='ocrx_word' id='word_1_157' title='bbox 103 3269 193 3334; x_wconf 85' lang='lat' dir='ltr'>solet.</span> <span class='ocrx_word' id='word_1_158' title='bbox 233 3268 394 3335; x_wconf 86' lang='lat' dir='ltr'>Recusare</span> <span class='ocrx_word' id='word_1_159' title='bbox 423 3287 498 3353; x_wconf 83' lang='lat' dir='ltr'>erge</span> <span class='ocrx_word' id='word_1_160' title='bbox 529 3267 614 3352; x_wconf 82' lang='lat' dir='ltr'>regis</span> <span class='ocrx_word' id='word_1_161' title='bbox 645 3267 861 3334; x_wconf 89' lang='lat' dir='ltr'>conditionem</span> <span class='ocrx_word' id='word_1_162' title='bbox 890 3271 1014 3352; x_wconf 86' lang='lat' dir='ltr'>poterat</span> <span class='ocrx_word' id='word_1_163' title='bbox 1042 3269 1133 3330; x_wconf 86' lang='lat' dir='ltr'>sutor</span> 
     </span>
     <span class='ocr_line' id='line_1_24' title="bbox 103 3380 1133 3468; baseline -0.003 -20"><span class='ocrx_word' id='word_1_164' title='bbox 103 3384 172 3448; x_wconf 86' lang='lat' dir='ltr'>eine</span> <span class='ocrx_word' id='word_1_165' title='bbox 207 3383 273 3447; x_wconf 87' lang='lat' dir='ltr'>ulle</span> <span class='ocrx_word' id='word_1_166' title='bbox 304 3382 407 3448; x_wconf 87' lang='lat' dir='ltr'>famae</span> <span class='ocrx_word' id='word_1_167' title='bbox 436 3401 514 3448; x_wconf 87' lang='lat' dir='ltr'>suae</span> <span class='ocrx_word' id='word_1_168' title='bbox 543 3382 695 3468; x_wconf 86' lang='lat' dir='ltr'>periculo.</span> <span class='ocrx_word' id='word_1_169' title='bbox 726 3380 859 3466; x_wconf 84' lang='lat' dir='ltr'>Deinde,</span> <span class='ocrx_word' id='word_1_170' title='bbox 883 3387 939 3447; x_wconf 82' lang='lat' dir='ltr'>aut</span> <span class='ocrx_word' id='word_1_171' title='bbox 960 3383 1024 3446; x_wconf 82' lang='lat' dir='ltr'>ianr</span> <span class='ocrx_word' id='word_1_172' title='bbox 1049 3399 1133 3446; x_wconf 88' lang='lat' dir='ltr'>usus</span> 
     </span>
     <span class='ocr_line' id='line_1_25' title="bbox 102 3495 1131 3580; baseline -0.003 -18"><span class='ocrx_word' id='word_1_173' title='bbox 102 3501 170 3562; x_wconf 87' lang='lat' dir='ltr'>erat</span> <span class='ocrx_word' id='word_1_174' title='bbox 205 3497 324 3562; x_wconf 85' lang='lat' dir='ltr'>civium</span> <span class='ocrx_word' id='word_1_175' title='bbox 355 3496 472 3580; x_wconf 86' lang='lat' dir='ltr'>aliquis</span> <span class='ocrx_word' id='word_1_176' title='bbox 497 3496 664 3568; x_wconf 85' lang='lat' dir='ltr'>antidoto:</span> <span class='ocrx_word' id='word_1_177' title='bbox 697 3499 765 3561; x_wconf 87' lang='lat' dir='ltr'>tum</span> <span class='ocrx_word' id='word_1_178' title='bbox 798 3500 906 3562; x_wconf 87' lang='lat' dir='ltr'>autem</span> <span class='ocrx_word' id='word_1_179' title='bbox 936 3495 1035 3580; x_wconf 85' lang='lat' dir='ltr'>Regis</span> <span class='ocrx_word' id='word_1_180' title='bbox 1064 3514 1131 3560; x_wconf 90' lang='lat' dir='ltr'>non</span> 
     </span>
     <span class='ocr_line' id='line_1_26' title="bbox 103 3609 1134 3695; baseline 0 -20"><span class='ocrx_word' id='word_1_181' title='bbox 103 3630 184 3695; x_wconf 88' lang='lat' dir='ltr'>epus</span> <span class='ocrx_word' id='word_1_182' title='bbox 215 3614 282 3675; x_wconf 89' lang='lat' dir='ltr'>erat</span> <span class='ocrx_word' id='word_1_183' title='bbox 313 3609 500 3675; x_wconf 89' lang='lat' dir='ltr'>calliditate:</span> <span class='ocrx_word' id='word_1_184' title='bbox 533 3611 631 3676; x_wconf 90' lang='lat' dir='ltr'>miser</span> <span class='ocrx_word' id='word_1_185' title='bbox 662 3611 748 3675; x_wconf 90' lang='lat' dir='ltr'>enim</span> <span class='ocrx_word' id='word_1_186' title='bbox 776 3609 831 3675; x_wconf 90' lang='lat' dir='ltr'>ille</span> <span class='ocrx_word' id='word_1_187' title='bbox 862 3611 927 3674; x_wconf 90' lang='lat' dir='ltr'>iam</span> <span class='ocrx_word' id='word_1_188' title='bbox 950 3613 1052 3675; x_wconf 84' lang='lat' dir='ltr'>morte</span> <span class='ocrx_word' id='word_1_189' title='bbox 1075 3628 1134 3675; x_wconf 88' lang='lat' dir='ltr'>sua</span> 
     </span>
     <span class='ocr_line' id='line_1_27' title="bbox 101 3722 1133 3806; baseline 0.002 -18"><span class='ocrx_word' id='word_1_190' title='bbox 101 3722 267 3790; x_wconf 84' lang='lat' dir='ltr'>falsarium</span> <span class='ocrx_word' id='word_1_191' title='bbox 290 3724 487 3806; x_wconf 80' lang='lat' dir='ltr'>convicerat3</span> <span class='ocrx_word' id='word_1_192' title='bbox 512 3728 568 3790; x_wconf 88' lang='lat' dir='ltr'>aut</span> <span class='ocrx_word' id='word_1_193' title='bbox 591 3723 765 3790; x_wconf 88' lang='lat' dir='ltr'>nemedum</span> <span class='ocrx_word' id='word_1_194' title='bbox 789 3742 827 3790; x_wconf 94' lang='lat' dir='ltr'>eo</span> <span class='ocrx_word' id='word_1_195' title='bbox 846 3727 915 3790; x_wconf 88' lang='lat' dir='ltr'>erat</span> <span class='ocrx_word' id='word_1_196' title='bbox 935 3743 1032 3791; x_wconf 83' lang='lat' dir='ltr'>neue:</span> <span class='ocrx_word' id='word_1_197' title='bbox 1045 3723 1133 3790; x_wconf 87' lang='lat' dir='ltr'>unde</span> 
     </span>
    </p>
   </div>
   <div class='ocr_carea' id='block_1_6' title="bbox 0 0 1342 4290">
    <p class='ocr_par' dir='ltr' id='par_1_7' title="bbox 0 0 1342 4290">
     <span class='ocr_line' id='line_1_28' title="bbox 0 0 1342 4290; baseline 0 0"><span class='ocrx_word' id='word_1_198' title='bbox 0 0 1342 4290; x_wconf 95' lang='lat' dir='ltr'> </span> 
     </span>
    </p>
   </div>
  </div>
 </body>
</html>
