2676 4290
650 349 690 412 21

168 553 212 601 ex
234 533 379 600 Phaedro
402 536 438 599 in
457 553 636 601 sermonem
656 534 835 622 pedestrem
854 534 1025 600 translatae
1043 533 1195 601 ridentur

168 668 250 734 quas
285 645 451 740 Oestsrlep
483 650 518 714 in
554 650 728 735 appendice
762 648 891 714 Romuli
926 651 978 714 sui
1013 650 1193 735 (insignitas

166 762 311 827 numeris
344 763 385 826 18
417 766 449 828 et
473 763 525 843 72)
548 764 664 848 posuit,
687 763 727 828 de
750 762 853 829 abiete
876 767 907 828 et
930 763 1128 845 harundine;
1153 763 1193 829 de

148 875 335 961 ,arboribus
364 895 470 962 regem
499 876 691 943 creantibus.
714 876 791 942 Illas
815 882 921 943 autem
946 896 1004 941 cur
1027 876 1191 962 Aesopum

165 995 329 1056 auctorem
360 990 486 1076 habere,
509 992 567 1057 is.
590 992 625 1055 in
649 991 782 1057 Graecia
804 996 897 1057 natas
920 1009 991 1057 esse
1013 992 1093 1057 mihi
1116 1010 1190 1058 con·

164 1111 228 1172 stet
257 1105 396 1172 breviter
427 1105 583 1172 indicabo.
614 1105 781 1192 Leguntnr
811 1107 897 1192 apud
920 1107 1053 1172 Snidam
1076 1126 1191 1174 versus

164 1219 298 1305 quidam
324 1238 342 1286 e
363 1218 480 1286 fabulis
503 1221 656 1305 excerpti,
678 1240 760 1305 quos
782 1221 835 1285 hic
858 1220 1056 1286 exscribam:

251 1392 381 1468 αἰπεινὴν
402 1391 512 1469 ἐλάτην
535 1391 589 1477 ἔρις
612 1393 709 1476 άρνςεν
731 1391 841 1460 αἵπνλα
864 1392 990 1474 odron.

252 1506 393 1581 αἰπειναῖς
417 1505 539 1581 ἐλάταις
562 1504 650 1589 ἔρισεν
673 1505 767 1586 βάτος
781 1507 818 1582 ,ά
843 1508 898 1587 μὲν
921 1506 1014 1574 ἔειπεν

250 1619 302 1686 καὶ
326 1626 397 1695 ναῦς
421 1619 474 1686 καὶ
498 1621 580 1697 ναοὺς
603 1621 767 1701 τεμνομένα
792 1621 908 1688 τελέειν.

250 1733 315 1802 οὐδέ
338 1735 363 1801 οἱ
384 1735 443 1802 οὐδ’
466 1733 550 1802 αἴθων
574 1734 628 1803 aide
650 1735 805 1821 πάρδαλις,
828 1733 930 1802 οὕνεκα
953 1737 1045 1816 θυμοῦ

248 1849 386 1929 ε’μπλείκ.

249 1962 335 2045 πικρά
358 1962 414 2044 μέν
436 1988 470 2029 πε
491 1963 617 2030 aduorso
639 1963 716 2045 άπάρ
738 1963 905 2047 χιμάρνιπιν
929 1965 1052 2042 άκνδιὶς.

248 2075 370 2144 πιάνεκα
392 2076 446 2153 πάν
468 2077 541 2153 ἰδίαν
564 2075 640 2152 νάπις
662 2076 763 2144 ὄπωπε
785 2076 867 2153 δύην.

625 2189 664 2257 ta
688 2194 843 2272 σπνΦελῶν
866 2191 926 2257 άπὸ
949 2195 1059 2274 πετρῶν

247 2303 439 2386 ὄσπςακάενπά
462 2329 496 2370 πε
518 2309 597 2370 νῶπα
618 2303 817 2385 καλάνκάλα
839 2312 910 2384 γυῖα
933 2303 1051 2381 κεάπάκ.

201 2466 277 2532 Tam
312 2466 470 2552 elegantes
505 2472 613 2533 autem
642 2468 690 2532 illi
713 2467 864 2533 versiculi
894 2472 981 2554 sunt,
1012 2472 1184 2555 tempure

155 2598 305 2647 sermone
328 2583 437 2666 scripti
461 2586 499 2647 ut
521 2583 600 2666 quin
623 2581 812 2649 florentibus
836 2583 938 2648 literis
962 2583 1092 2650 Graecis
1114 2587 1183 2650 nati

156 2697 222 2762 sint
244 2695 356 2761 nullus
379 2693 532 2761 dubitem.
553 2698 664 2781 Atque
686 2716 801 2764 versus
820 2694 942 2762 τοῦνεκα
960 2695 1182 2773 victitaverint

155 2806 256 2874 ὄπωπε
278 2807 347 2885 drino
370 2814 403 2875 et
424 2807 463 2875 lor
485 2813 640 2890 ππνΦελῶν
659 2810 719 2876 άπὸ
735 2815 843 2892 πειρῶν
855 2809 1181 2894 ὄσπραιάενπάπενῶπα

155 2919 208 2988 καὶ
233 2920 358 3002 άγκύλα
380 2929 451 3003 γαῖα
474 2920 582 2998 κεάσθη
606 2943 624 2991 e
645 2924 763 2991 fabulis
787 2930 872 3008 sunt,
896 2945 976 3010 quas
997 2927 1181 2991 etiamnunc

154 3036 240 3122 apud
274 3036 457 3103 Phaedrum
488 3037 626 3123 legimus
658 3038 819 3124 (ἀερθεὶς
847 3038 1033 3104 hominibus
1055 3060 1074 3105 a
1097 3039 1180 3106 Jove

152 3150 320 3236 impositis,
350 3156 382 3217 st
410 3152 449 3217 de
472 3152 605 3216 consilio
629 3151 755 3237 aquilas
777 3172 796 3217 a
818 3153 916 3239 vulpe
940 3153 1040 3236 dat0);
1064 3171 1178 3220 versus

151 3261 296 3337 αἱπειναῖς
324 3261 446 3338 ἐλάταις
476 3263 539 3330 κπὲ.
572 3265 648 3330 olim
678 3267 712 3330 in
743 3266 835 3331 initio
859 3267 955 3352 posili
978 3265 1110 3332 fuerunt
1132 3267 1177 3333 fa·

151 3375 247 3442 bulas
278 3377 318 3443 de
346 3377 449 3444 abiete
479 3383 511 3444 et
533 3378 722 3464 harundine,
746 3399 843 3464 quam
866 3398 884 3445 o
906 3379 1051 3446 Phaedro
1074 3383 1177 3448 bans-

149 3492 266 3558 tulisse
291 3491 466 3559 Romulum
487 3512 642 3579 perquam
665 3498 714 3560 est
734 3493 908 3580 probabile.

147 3767 153 3782 .
195 3719 283 3787 Libri
312 3722 446 3788 secundi
476 3725 647 3791 consilium
674 3727 887 3812 naturamque
909 3726 979 3810 ipss
1001 3728 1095 3813 podia
1117 3745 1172 3793 ex·
