2736 4298
584 302 647 369 105

75 488 261 577 summinio
294 490 382 555 haud
415 489 498 556 malo
529 488 651 556 Harius
682 486 821 575 explicat
851 485 896 550 ita
925 488 962 550 ut
988 483 1119 550 miscens

82 605 217 671 ‹iictum
240 610 368 670 censeat
390 624 448 689 pro
464 624 593 688 porcus
617 623 722 690 neque
746 606 854 687 inepte
876 601 917 666 ad
929 599 1118 665 sententiam

75 735 185 784 suam
216 716 448 782 defendendam
478 717 567 782 affert
599 720 752 802 antiquae
783 716 964 802 tragoediae
987 732 1117 779 versum

78 833 149 918 qui
177 832 214 895 in
237 829 399 896 Ciceronis
422 831 541 914 legitur
560 830 768 896 Tusculanis:
793 831 893 895 mutor
918 828 995 893 mitt
1016 827 1119 911 moles,

71 946 196 1011 vitatus
225 944 418 1010 mumdum
445 943 564 1010 mutum
586 945 617 1028 ¹).
648 945 692 1010 At
724 945 818 1024 enim,
842 944 973 1029 dixeris,
996 946 1116 1028 quanto

80 1060 270 1145 elegantius
295 1058 520 1124 Bentleianum

156 1246 285 1331 Proprii
309 1237 450 1311 dolorem
473 1245 590 1310 damno
612 1244 773 1310 ulciscens
797 1244 972 1330 sanguinis.

132 1409 210 1474 Non
231 1409 277 1473 ita
299 1409 401 1473 multo
423 1408 503 1472 mihi
524 1408 604 1473 haec
625 1408 808 1473 coniectura
827 1406 976 1492 vulgatae
987 1406 1119 1473 lectioni

87 1519 254 1609 'praestare
283 1522 418 1587 videtur.
442 1520 527 1599 Quid
550 1524 635 1588 enim
659 1523 831 1587 dicendum
852 1522 950 1588 fuerit
972 1521 1117 1588 Phaedro

92 1642 126 1702 ut
150 1636 322 1701 considium
345 1635 453 1721 vulpis
477 1641 562 1701 recte
582 1641 614 1701 et
631 1635 760 1701 fabulae
780 1637 1118 1720 convenientersigni-

90 1749 241 1815 ficaretur
262 1750 410 1815 videmus
435 1769 563 1815 omnes:
587 1770 662 1814 succ
685 1751 770 1815 enim
790 1751 890 1836 prolis
911 1749 1120 1816 damnatostt

91 1864 232 1930 dolorem
263 1883 374 1949 parare
397 1864 484 1946 vult;
508 1883 589 1949 opus
609 1883 684 1949 ergo
707 1866 812 1930 estin
837 1885 902 1930 uno
926 1884 1022 1930 versu
1040 1885 1118 1949 pro·

89 1996 202 2043 nomen
225 1977 435 2062 possessivum
464 1981 496 2044 et
525 1976 720 2043 vocabulum
751 1977 866 2042 hostem
894 1980 979 2043 inter
1005 1997 1040 2043 se
1063 1998 1118 2064 op·

90 2080 185 2177 poni,'
210 2089 266 2156 sed
288 2094 465 2175 utrumque
488 2110 593 2175 neque
615 2091 710 2157 habet
735 2092 864 2182 vulgata
887 2092 989 2176 lectio,
1012 2110 1118 2177 neque
1208 2097 1209 2101 ’

89 2224 287 2291 quocunque
316 2205 411 2269 modo
442 2224 518 2271 eum
548 2207 723 2271 mutaveris
745 2204 883 2272 habebit.
911 2206 1018 2271 Satius
1041 2225 1117 2291 ergo

87 2323 139 2385 est
161 2319 319 2384 intactum
341 2317 521 2403 relinquere
541 2318 627 2404 quod
647 2338 818 2404 persanare
836 2339 902 2415 uon
924 2321 1038 2406 possis.

133 2430 192 2496 IV.
214 2431 293 2516 prol.
319 2431 458 2496 18-20.

180 2605 260 2671 Mihi
283 2611 374 2692 parta
395 2607 467 2673 laus
490 2612 538 2684 est
561 2608 647 2694 quod
670 2614 707 2674 tu
731 2608 818 2694 quod
841 2609 962 2675 similes
985 2610 1034 2675 tui

179 2723 360 2786 vestraein
384 2721 509 2787 chartas
532 2722 630 2787 verba
652 2722 830 2788 transfertis
854 2741 924 2788 mea

180 2834 379 2921 dignumque
400 2836 497 2922 longa
519 2837 668 2903 iudicatis
691 2838 852 2903 memoria.
939 2893 941 2898 .

120 3121 149 3189 i)
173 3121 253 3174 Miror
270 3122 380 3174 Herium
397 3123 515 3175 attulisse
535 3123 717 3175 tantummodo
734 3123 806 3176 hunc
822 3137 935 3188 versum,
954 3136 988 3174 ne
1004 3121 1116 3173 verbum

85 3215 194 3280 quidem
217 3215 349 3275 addidisse,
376 3230 428 3282 quo
449 3217 548 3268 facturn
563 3220 602 3267 est
621 3220 651 3267 ut
667 3216 788 3282 epistolae
804 3215 907 3267 criticae
924 3216 1003 3266 lector
1020 3215 1116 3266 nesciat

86 3306 173 3357 multo
192 3307 317 3357 maiorem
334 3321 389 3358 esse
406 3307 487 3359 huius
503 3308 652 3374 argumenti
669 3308 723 3358 vim
740 3321 822 3372 quam
836 3307 890 3372 ipse
904 3306 999 3357 Harius
1014 3304 1115 3372 siguifi-

85 3399 191 3448 caverit.
215 3397 260 3448 Est
278 3399 349 3449 enim
367 3413 457 3450 versus
473 3415 488 3450 a
505 3397 634 3466 tragoedia
650 3401 678 3450 in
696 3415 748 3465 qua
765 3399 887 3450 inimicus
902 3399 1007 3450 inimico
1023 3398 1115 3449 crude-

86 3489 215 3540 lissimam
239 3504 348 3554 poenam
371 3491 522 3542 machinans
537 3491 684 3542 inducitur:
703 3491 798 3541 Atreus
815 3490 915 3554 estqui
933 3490 970 3541 sic
985 3491 1115 3556 loquitur:

223 3607 307 3658 maior
323 3607 389 3658 mihi
407 3607 495 3672 moles,
512 3607 598 3659 maius
614 3608 801 3660 miscendumst
817 3606 918 3658 malum

224 3700 271 3764 qui
287 3700 358 3750 iltius
374 3701 496 3753 acerbum
513 3716 556 3752 oor
573 3701 731 3753 contundam
749 3705 775 3752 et
791 3700 969 3766 comprimam.
