2676 4290
612 337 654 400 65

106 523 241 606 tinetur‚
265 522 346 587 nihil
369 526 417 588 est
440 521 567 588 facilius
592 542 689 607 quam
713 540 755 587 ex
778 523 820 588 iis
843 522 987 588 senarios
1013 520 1144 606 fingere,

108 637 169 720 qui
209 636 402 721 promythiis
442 636 695 722 epimythiisque
729 634 938 701 Phaedrianis
973 635 1144 701 similiores

108 750 178 814 sint
200 769 298 834 quam
320 768 419 815 ovum
444 768 514 815 ovo.
536 747 622 815 ane
643 749 775 815 tertium
799 748 1001 834 exemplum:

245 924 452 992 Animalibus
474 930 637 1011 praestare
659 943 731 991 sese
755 926 813 1010 qui
835 923 944 990 studet

245 1040 341 1105 homo
364 1040 445 1125 aliis,
468 1040 517 1104 illi
540 1058 668 1105 summa
689 1038 892 1104 nitendumst
915 1057 976 1123 ope

246 1153 375 1220 silentio
401 1172 443 1219 ne
464 1157 564 1219 totam
588 1154 688 1218 vitam
711 1152 876 1238 transigat,

245 1272 284 1333 ut
305 1285 421 1353 peoora
443 1285 527 1351 quae
549 1270 665 1332 natura
686 1267 793 1331 ventri
816 1263 958 1331 obnoxia

245 1384 280 1446 et
299 1400 400 1466 prona
421 1379 528 1446 finxit

155 1542 227 1629 Age
257 1562 347 1609 nuno
369 1544 440 1629 ipsa
462 1543 518 1609 illa
540 1544 724 1629 promythia
746 1543 988 1630 epimythiaque
1011 1544 1144 1628 aspicia-

109 1676 187 1722 mus
209 1656 331 1742 quibus
354 1658 456 1723 oodex
479 1658 519 1723 V.
543 1663 648 1738 oaret;
671 1659 853 1724 videbimus
876 1677 989 1725 eorum
1013 1659 1075 1723 alia
1097 1658 1144 1723 fa-

108 1768 198 1836 bulis
232 1789 303 1836 esse
338 1771 436 1837 affixa
466 1791 550 1857 quae
573 1771 701 1837 nullum
725 1772 896 1838 admittant
917 1776 1142 1857 praeceptum

108 1883 175 1950 aha
207 1886 316 1970 inepte
346 1905 420 1951 oum
451 1884 580 1952 fabulae
611 1890 801 1970 argumento
832 1891 963 1968 certare,
994 1885 1056 1950 alia
1080 1885 1143 1950 alio

106 1996 255 2063 laborare
278 1999 365 2063 vitio.
389 1998 495 2064 Simul
519 2000 565 2064 sio
588 2001 788 2065 occasionem
809 1997 999 2065 habebimus
1020 1999 1143 2063 dealiis

108 2111 305 2197 quibusdam
333 2111 481 2178 versibus
510 2112 647 2196 meandi,
670 2132 753 2197 quos
776 2111 914 2178 Phaedri
938 2112 1064 2177 oodioes
1087 2112 1143 2176 ha·

107 2224 197 2311 bent,
218 2226 347 2292 Perotto
371 2246 437 2291 non
460 2225 565 2292 habet.

89 2421 93 2428 Ι
153 2337 198 2424 Π,
221 2340 241 2403 6
264 2340 326 2404 hoo
348 2339 444 2406 habet
467 2340 705 2425 promythium:

244 2512 362 2580 Contra
385 2519 532 2600 potentes
556 2519 682 2580 nemost
706 2515 853 2579 munitus
876 2516 970 2596 satis3

291 2629 418 2694 sivero
442 2630 577 2695 accessit
600 2630 785 2694 consiliator
808 2628 965 2711 maneus,

246 2743 294 2808 vis
318 2748 350 2807 et
372 2743 518 2827 nequitia
542 2743 702 2828 quidquid
726 2747 922 2827 oppugnant,
942 2743 1017 2808 ruit
1090 2794 1092 2799 .

154 2902 268 2989 Inepta
301 2909 351 2971 est
386 2907 560 2971 sententia:
597 2907 626 2970 si
657 2907 743 2971 enim
773 2925 863 2971 aomo
894 2907 972 2971 satis
996 2907 1143 2973 munitus

110 3020 160 3082 est
182 3022 294 3083 eontra
317 3023 473 3103 potentes,
494 3018 654 3103 quidquid
667 3020 788 3084 aceedit
801 3038 866 3083 non
879 3024 984 3104 potest
995 3020 1144 3085 miserior

23 3164 28 3171 ·
107 3129 180 3195 fieri
206 3131 348 3196 conditio
371 3132 539 3197 hominum
568 3133 625 3216 qui
654 3133 776 3198 iniusto
807 3134 954 3198 serviunt
986 3138 1142 3216 tyranno;

108 3247 142 3309 et
165 3248 265 3308 certat
283 3263 360 3309 oum
379 3246 579 3310 narratione:
601 3244 730 3310 testudo
750 3248 836 3311 enim
857 3251 923 3311 tam
936 3247 1061 3311 munita
1073 3251 1144 3312 erat

111 3360 148 3421 nt
177 3374 285 3442 neque
315 3362 457 3423 rostrum
487 3376 593 3442 neque
623 3377 751 3442 ungues
782 3360 922 3442 potentis
953 3359 1081 3444 aquilae
1113 3360 1143 3424 ei

109 3488 226 3536 nocere
248 3475 397 3555 possent3
423 3472 593 3538 accedente
617 3472 747 3537 demum
772 3474 974 3539 consiliatore
995 3473 1142 3539 malefico

108 3584 219 3650 avium
250 3586 336 3670 regis
366 3586 484 3671 praeda
513 3585 597 3652 facta
620 3591 676 3652 est
700 3585 838 3672 Egregie
863 3588 923 3652 hoo
947 3589 1048 3654 sensit
1070 3590 1141 3673 ipse

105 3703 211 3784 poeta,
234 3701 291 3784 qui
314 3701 530 3766 narrationem
554 3701 675 3766 claudit
697 3701 748 3766 his
768 3703 959 3768 versieulis:

1024 3813 1042 3865 5
