2676 4290
652 176 693 239 50

243 359 391 445 Cumque
412 360 535 427 videret
552 380 657 446 equus
679 381 811 428 cervum
833 364 869 426 in
893 360 1044 427 omnibus
1070 365 1185 446 aptum

244 493 419 540 excussum
439 477 462 555 ¹)
493 475 645 541 leviorem
677 481 709 541 et
739 495 872 561 corpore
904 476 1059 542 decorum
1084 480 1117 541 et
1139 495 1191 541 ar·

243 586 348 653 boreis
379 588 530 654 cornibus
562 593 711 654 ornatum
742 607 848 674 equus
874 589 976 654 livore
997 592 1131 654 coactus
1156 606 1191 654 se

244 701 285 766 ad
312 705 497 767 venatorem
528 702 671 768 contulit.
705 700 766 767 Oui
788 703 848 766 ait:
872 700 932 767 Est
953 703 989 765 in
1012 704 1190 787 prospectu

244 833 359 881 cervus
389 815 539 881 omnibus
570 815 811 880 adridendum
834 814 1001 881 mirabilis.
1028 813 1136 892 Quem
1162 816 1193 880 si

243 929 404 995 venabulo
422 931 541 1015 poteris
563 929 751 1015 transfigere
774 928 955 995 abundabis
968 929 1191 1014 pulcherrima

244 1062 339 1109 carne
373 1044 413 1108 ad
447 1063 560 1109 escam.
596 1042 697 1109 Ouius
732 1063 854 1109 cornua
888 1047 919 1108 et
950 1062 1023 1109 ossa
1044 1045 1188 1127 pecunia

245 1157 370 1224 vendes.
388 1178 454 1224 non
475 1178 582 1243 parva.
605 1157 666 1223 Illo
686 1162 818 1223 venator
837 1158 1010 1242 cupiditate
1028 1175 1192 1223 accensus

245 1273 406 1357 quomodo
441 1274 485 1338 ait
519 1273 695 1365 poterimus
730 1291 843 1357 capere
877 1271 1035 1337 cervum?
1068 1269 1191 1356 Equus

244 1387 389 1451 venatori
423 1385 523 1450 dixit:
558 1384 628 1471 Ego
663 1385 847 1451 monstrabo
883 1384 1076 1469 capiendum
1114 1403 1189 1451 meo

243 1499 352 1567 laboro
372 1519 511 1565 cervum.
530 1498 578 1564 Tu
598 1519 674 1566 vero
696 1501 810 1567 sedens
830 1519 927 1585 super
948 1518 1095 1566 mecum
1112 1519 1192 1566 con-

245 1619 377 1680 secutus
409 1614 501 1680 fuero
531 1613 692 1680 venabulo
722 1634 823 1679 manu
852 1619 910 1680 tua
940 1632 1089 1698 excusso,
1113 1615 1189 1679 vul·

244 1732 356 1793 nerato
391 1746 485 1793 cervo
520 1733 553 1794 et
586 1730 701 1812 occiso,
735 1733 793 1793 tua
826 1728 1010 1793 venditione
1042 1727 1188 1813 perfecta

244 1840 479 1926 gratulabimur
502 1840 604 1931 ambo.
623 1841 696 1907 Hoc
716 1842 800 1907 dicto
813 1847 946 1907 venator
958 1860 1057 1926 super
1064 1860 1192 1926 equum

245 1953 442 2020 adscendens
476 1955 518 2021 de
552 1955 622 2020 loco
657 1973 751 2020 cervo
782 1960 869 2021 moto
897 1975 972 2020 cum
995 1956 1132 2041 agitaret
1155 1957 1193 2020 in

244 2086 344 2132 cursu
374 2085 490 2133 cervus
520 2087 587 2133 non
617 2070 787 2134 immemor
811 2069 864 2134 sui
886 2067 1048 2134 naturalis
1064 2069 1194 2154 ingenii

245 2182 363 2247 celeres
386 2182 535 2248 tendebat
556 2182 654 2267 pedes
678 2183 879 2248 transsiliens
898 2183 1084 2268 oampos‚in
1098 2182 1189 2248 saltu

246 2313 345 2361 cursu
364 2296 465 2361 veloci
483 2296 615 2362 illaesus
635 2297 745 2362 evasit.
764 2295 881 2382 Equus
891 2313 969 2361 vero
981 2315 1058 2360 cum
1070 2296 1195 2363 sudore

246 2429 281 2475 se
303 2415 502 2475 maceratum
525 2415 558 2476 et
578 2409 747 2495 fatigatum
769 2410 894 2476 videret
913 2411 960 2475 sic
980 2408 1100 2475 dixisse
1121 2427 1192 2476 ses-

248 2526 313 2591 sori
346 2523 464 2589 fertur:
501 2522 573 2601 Quo
600 2524 770 2589 tendebam
802 2526 958 2610 attingere
988 2543 1055 2588 non
1077 2525 1193 2608 potui3

248 2639 405 2704 descende
423 2643 455 2705 et
472 2639 553 2704 vada
572 2639 666 2704 solito
686 2658 774 2704 moro
785 2640 961 2724 transigere
973 2638 1074 2703 vitam
1087 2641 1193 2704 tuam.

248 2751 310 2817 Cui
348 2756 458 2817 contra
492 2753 631 2838 desuper
664 2770 786 2818 sessor:
821 2750 897 2817 Non
931 2751 1039 2835 habes,
1073 2753 1196 2837 inquit,

247 2869 437 2950 potestatem
471 2867 630 2950 currendi,
664 2867 741 2951 quia
769 2865 896 2930 frenum
927 2866 963 2929 in
995 2883 1049 2930 ore
1079 2862 1195 2951 habes,

248 2998 308 3045 nec
331 2980 451 3044 saltum
475 2980 549 3045 dare
573 2981 649 3065 quia
672 2980 751 3046 sella
775 2984 807 3045 te
826 2980 950 3065 premit.
973 2979 1008 3044 Si
1027 2978 1197 3047 calcitrare

247 3094 389 3160 volueris
423 3093 588 3179 flagellum
618 3095 654 3158 in
685 3113 784 3158 manu
816 3097 918 3158 teneo.
947 3091 1025 3157 Illos
1047 3093 1200 3178 increpat

249 3208 327 3273 haec
359 3207 477 3291 fabula,
512 3208 570 3292 qui
604 3225 678 3271 cum
708 3207 779 3272 aliis
811 3206 985 3271 voluerunt
1014 3223 1132 3271 nocere
1160 3227 1199 3274 sc

250 3323 360 3408 potius
382 3321 569 3407 subiugant.

195 3582 225 3650 1)
241 3583 283 3634 An
300 3587 325 3634 at
341 3583 440 3633 cursu?
