2676 4290
613 330 655 393 15

112 520 214 584 huius
243 519 292 583 rei
322 517 469 602 exempla
499 515 634 602 proferri
656 523 795 603 possunt
818 538 955 602 quorum
982 519 1034 585 vel
1055 519 1150 585 lucu·

111 634 330 698 lentissimum
353 636 402 696 est
424 631 659 716 lepidissimum
681 630 837 698 Martialis
856 634 1069 718 epigramma:

201 805 244 870 Et
265 806 344 871 latet
367 810 398 871 ot
421 806 508 871 lucet
530 805 764 872 Phaethontide
787 807 915 873 condita
938 811 1031 893 gutta

246 925 283 986 ut
305 920 454 985 rideatur
477 921 546 1005 apis
570 926 697 986 nectare
720 922 830 987 clausa
854 941 922 987 suc.

201 1032 345 1120 Dignum
368 1039 531 1100 tantorum
554 1037 692 1120 pretium
718 1036 793 1101 tulit
814 1036 871 1101 illa
892 1035 1041 1102 laborum

245 1147 395 1214 credibile
418 1153 467 1215 ost
490 1150 595 1234 ipsam
620 1152 666 1214 sic
686 1149 829 1214 voluisse
852 1150 942 1215 mori.

156 1286 272 1407 sequa
294 1325 404 1390 mnus
426 1325 555 1411 insigne
577 1329 626 1391 ast
649 1325 869 1411 virgilianum
893 1325 943 1410 (v,
966 1326 1061 1408 aaut:

243 1487 359 1551 invitat
382 1489 494 1572 pretiis
517 1489 642 1553 animos
668 1493 700 1553 et
723 1490 866 1572 praemia
887 1489 989 1572 ponit

157 1648 219 1715 Sed
249 1650 365 1736 frigere
396 1652 476 1716 mihi
505 1652 633 1718 videtur
661 1652 751 1718 istud
781 1651 1145 1737 aestimationisque

111 1763 197 1828 enim
218 1763 270 1828 hic
291 1767 568 1849 quoquepreticm
580 1767 647 1830 vim
659 1765 928 1851 habereproemii,
940 1787 981 1832 an
996 1786 1143 1851 unquam

105 1877 281 1961 munium
299 1879 361 1943 fuit
381 1880 469 1963 quod
487 1898 553 1944 non
565 1881 810 1946 essetcirtutis?
830 1881 885 1946 An
896 1881 977 1946 forte
988 1901 1089 1965 quum
1103 1880 1142 1946 de

110 1995 219 2056 vetere
250 1993 418 2058 severitate
448 1998 555 2058 actuum
581 1997 673 2077 esset,
696 1995 810 2060 civitas
832 1994 1142 2059 malorummorum

113 2109 146 2169 et
179 2107 343 2190 nequitiae
376 2109 556 2192 praemium
589 2107 676 2173 fuit?
709 2107 817 2192 Nulla,
850 2113 888 2173 ut
923 2110 1044 2194 opinor,
1069 2113 1140 2173 tum

110 2237 239 2283 morum
262 2219 441 2285 habebatur
462 2222 561 2302 rati03
586 2223 643 2306 qui
661 2225 832 2306 pecuniam
852 2222 928 2288 dare
946 2226 1062 2307 posset,
1074 2225 1145 2289 sive

110 2332 231 2417 probus
262 2336 330 2399 sive
360 2335 465 2400 malus
489 2340 581 2421 esset,
606 2338 767 2402 civitatem
791 2335 974 2421 accipiebat
997 2335 1040 2401 Et
1061 2337 1145 2401 hano

109 2444 215 2511 labem
236 2446 415 2532 significare
433 2447 577 2514 Tacitum
591 2449 702 2531 cred03
718 2451 845 2534 scripsit
857 2451 942 2514 enim
956 2469 1008 2515 mo
1019 2451 1142 2516 iudico:

245 2580 348 2645 eoque
370 2559 515 2626 Romane
539 2563 749 2628 civitason
771 2563 844 2627 data
864 2583 964 2647 quum
985 2562 1019 2627 id
1031 2583 1141 2628 rarum

199 2694 258 2740 noc
282 2676 346 2740 nisi
368 2675 471 2741 sinus
492 2678 632 2761 pretium
656 2681 751 2743 esset.

153 2789 241 2867 Ante
272 2792 383 2856 oculos
413 2793 498 2857 enim
532 2811 607 2858 oum
629 2791 781 2858 habuisse
804 2795 883 2877 puto
905 2792 990 2857 illud
1013 2796 1141 2876 tempus

109 2922 213 2986 quum
243 2904 278 2967 in
309 2904 378 2969 foro
406 2905 529 2970 venalis
556 2909 622 2970 erat
647 2907 778 2987 civitas3
803 2925 905 2989 quum
929 2907 992 2990 ipsi
1015 2904 1143 2969 Claudii

108 3015 217 3081 liberti
246 3018 352 3102 palam
382 3038 494 3084 mensa
521 3020 684 3104 proposita
706 3020 867 3084 civitatem
891 3018 1140 3085 venumdabant.

108 3128 153 3194 At
188 3133 331 3216 antiquis
357 3132 554 3217 temporibus
584 3133 710 3197 nullum
738 3138 864 3217 praeter
892 3134 1047 3198 virtutem
1074 3136 1142 3197 erat

108 3246 247 3327 pretium
286 3265 351 3330 quo
387 3250 462 3331 quis
498 3248 655 3331 optimum
693 3246 775 3312 illud
811 3249 864 3312 ius
898 3265 1003 3312 emere
1033 3250 1143 3331 posset

108 3356 272 3443 Antiquos
291 3361 363 3425 illos
383 3381 497 3445 mores,
516 3363 650 3445 antiqua
668 3366 812 3445 tempora
828 3379 980 3426 revocare
992 3359 1140 3426 studebat

107 3474 296 3558 Augustus:
322 3475 450 3560 dequo
474 3476 552 3540 haec
575 3474 751 3540 Suetonius
775 3474 866 3556 (l.l.):
897 3476 1027 3560 „magni
1048 3494 1139 3559 prae·

108 3590 196 3652 terea
230 3591 421 3654 existimans
455 3591 618 3654 sincerum
649 3593 746 3673 atquo
777 3587 817 3652 ab
846 3589 934 3652 omni
957 3588 1140 3655 colluvione

107 3704 268 3788 peregrini
309 3721 347 3768 ac
381 3703 508 3768 servilis
547 3705 715 3790 sanguinis
750 3705 973 3788 incorruptum
1009 3722 1136 3770 servare
