2676 4290
590 362 652 425 121

158 547 241 632 App.
276 546 365 612 VHI.
401 547 495 613 Miles
530 549 661 633 quidam
691 548 838 634 Pompeii
873 548 1027 614 cinaedus
1061 549 1140 614 furti

117 660 305 726 manifestus
336 662 542 726 iureiurando
574 681 609 727 se
637 664 797 727 insontem
825 662 970 727 declarat
990 662 1141 747 Indigna·

118 772 247 838 bundus
270 773 443 861 Pompeius

204 912 239 976 id
263 913 401 978 dedecus
424 918 602 978 castrorum
624 913 760 999 propelli
782 913 883 998 iubet,

205 1045 266 1091 nec
289 1027 402 1092 cadere
424 1029 459 1091 in
483 1027 575 1092 illum
598 1027 699 1092 credit
720 1032 843 1092 tantam
862 1027 1038 1093 audaciam.

161 1163 238 1229 Post
269 1164 400 1250 aliquod
423 1170 551 1250 tempus
574 1164 730 1231 barbarus
755 1166 887 1251 quidam
909 1186 1014 1231 unum
1036 1185 1055 1232 e
1077 1165 1141 1232 Ro·

115 1280 220 1343 manis
250 1279 292 1343 ad
316 1280 476 1364 proelium
499 1284 652 1364 provocat
675 1278 846 1366 singulare.
870 1279 1028 1347 Omnibus
1052 1287 1141 1348 metu

118 1391 288 1457 silentibus

206 1531 334 1596 tandem
359 1532 512 1598 cinaedus
535 1532 648 1597 habitu
672 1533 728 1598 sed
750 1531 837 1598 Mars
861 1532 985 1598 viribus

207 1647 273 1712 adit
296 1647 460 1713 sedentem
482 1667 539 1733 pro
563 1647 716 1712 tribunali
740 1647 866 1731 ducem,

207 1767 238 1827 et
260 1780 339 1826 voce
362 1762 465 1826 molli:
490 1761 589 1826 licet?
614 1763 778 1826 enimvero
804 1762 876 1826 eiici

207 1876 315 1939 virum
339 1880 376 1939 ut
393 1877 428 1939 in
445 1894 480 1940 re
499 1876 598 1939 atroci
617 1873 756 1960 Magnus
776 1874 978 1941 stomachans
996 1875 1140 1960 imperat.

161 2000 254 2086 Satis,
277 2002 380 2085 credo,
402 2002 609 2086 perspicuum
632 2004 680 2066 est
703 2019 836 2066 versum

109 2159 113 2167 ’
206 2160 266 2206 nec
290 2141 402 2206 cadere
423 2142 458 2204 in
480 2141 572 2205 illum
595 2141 695 2206 credit
716 2145 838 2205 tantun
861 2139 1028 2205 audaciam

119 2268 394 2353 transponendum
417 2286 487 2333 esse
510 2271 583 2352 post
840 2357 847 2370 ,
1003 2357 1022 2370 η
1045 2357 1054 2372 ‚

796 2373 959 2421 emmvero
983 2375 1056 2422 eucr

206 2473 314 2537 virum
337 2475 375 2537 ut
396 2472 431 2545 in
450 2490 485 2536 re
504 2472 603 2536 atroci
622 2470 760 2557 Magnus
779 2468 982 2537 stomachans
1000 2473 1145 2558 imperat.

119 2583 178 2669 IX,
202 2587 230 2649 2.
275 2585 490 2650 Iucunditatis
514 2604 644 2650 causam
666 2605 733 2650 ncn
756 2588 877 2671 sprevit
900 2586 1023 2652 Venus.

165 2698 331 2764 Nanckius
362 2719 422 2783 pao
452 2719 580 2765 causam
603 2700 877 2784 committentem,
902 2719 998 2785 quam
1022 2700 1146 2765 coniec-

121 2816 225 2877 turam
256 2812 369 2878 falsam
402 2832 473 2879 esse
503 2832 554 2879 me
577 2814 685 2878 docuit
708 2835 738 2878 r.
764 2814 793 2878 d.
817 2814 893 2897 Moy
915 2814 1074 2880 afferendo
1097 2813 1146 2878 IV

121 2927 205 2993 Prol.
231 2929 259 2992 9.

587 3015 673 3103 Ergo
695 3037 762 3083 non
783 3018 897 3083 levitas
921 3018 1002 3082 mihi

253 3131 310 3196 sed
332 3134 418 3196 certa
439 3131 521 3196 ratic
545 3150 676 3197 causam
700 3131 862 3198 scribendi
886 3131 981 3197 dedit.

164 3255 224 3341 XI,
247 3258 268 3321 8
292 3278 338 3342 sq.
361 3256 550 3323 Iactantiam
568 3258 699 3323 victoris
717 3258 869 3344 gymnici,
889 3258 946 3342 qui
964 3275 1040 3322 suas
1059 3257 1146 3321 vires

120 3373 223 3437 multo
256 3374 393 3439 maiores
428 3392 526 3459 quam
559 3372 734 3438 adversarii
767 3372 868 3438 fuisse
898 3370 1070 3456 contendit,
1101 3370 1147 3436 sic

122 3490 267 3575 coarguit
288 3490 437 3574 Aesopus

254 3626 419 3693 Ferendus
441 3646 538 3711 esses,
560 3626 642 3692 forte
667 3626 695 3690 si
717 3629 749 3691 te
772 3625 895 3691 diceres

254 3759 432 3828 superasse,
455 3740 568 3807 melior
593 3740 651 3825 qui
672 3737 787 3807 fuisset
806 3739 940 3806 viribus.
