2676 4290
652 323 696 386 89

204 508 267 574 Sed
302 509 341 574 de
375 508 469 574 tertio
501 508 635 574 crimine
670 507 710 573 ab
739 507 841 574 Herio
872 513 985 574 contra
1006 508 1191 576 Bentleium

159 623 284 708 prolate
314 627 421 687 tacere
450 641 557 707 neque
589 623 662 687 velo
685 641 792 708 neque
815 642 957 708 pessum.
981 623 1081 709 Saepe
1104 627 1191 691 enim

160 736 311 821 aequales
345 736 530 801 Bentleium
556 754 594 802 ec
617 738 748 802 nomine
771 736 951 803 deriserunt
974 743 1012 804 et«
1029 744 1191 825 contemp-

160 855 273 917 serunt
305 850 393 935 qued
422 851 456 914 in
482 855 550 915 arte
574 851 684 915 critica
706 852 885 916 exercenda
908 851 1023 918 lexicis
1047 857 1193 919 uteretur

160 967 192 1030 et
225 962 407 1045 indicibus;
440 982 535 1048 saepe
566 965 660 1029 etiam
694 963 790 1029 multi
820 983 931 1030 eorum
963 966 997 1030 id
1029 968 1061 1032 ei
1086 967 1192 1052 palam

159 1081 238 1144 vitio
270 1079 428 1143 dederunt
457 1097 564 1163 neque
586 1097 712 1163 semper
735 1080 770 1143 in
793 1097 831 1144 ea
853 1099 889 1145 re
912 1080 1029 1145 urbani
1050 1081 1192 1147 fuerunt.

157 1192 414 1258 Acerbissimum
438 1211 514 1258 vero
539 1197 588 1257 est
611 1196 643 1257 et
664 1193 906 1277 iniquissimum
926 1194 1085 1260 iudicium
1105 1197 1193 1281 quod

157 1309 197 1375 de
229 1327 266 1374 ec
298 1309 350 1373 vir
376 1308 506 1393 quidam
532 1310 590 1372 vix
612 1309 744 1375 nomine
767 1313 866 1375 nctus
890 1311 1066 1391 (Antonius
1090 1313 1192 1400 Alsep

156 1423 189 1486 in
214 1420 410 1506 praefatione
434 1421 473 1486 ad
497 1421 680 1486 fabularum
700 1423 914 1507 Aesepiarum
928 1424 1100 1506 delectum)
1112 1426 1191 1493 fert:

160 1534 339 1622 „quendum
354 1533 534 1600 Bentleium
545 1536 581 1600 in
590 1535 749 1601 volvendis
759 1536 883 1602 Leaieis
892 1537 971 1602 sctis
982 1537 1191 1624 dilipentcm.''

156 1649 206 1714 Ee
231 1655 340 1715 autem
360 1655 549 1734 argumente
570 1654 602 1715 et
620 1649 743 1716 Harins
762 1671 843 1717 usus
856 1656 905 1718 est
917 1652 957 1717 ad
970 1653 1190 1720 adversarium

156 1783 256 1829 suum
290 1763 582 1848 perstringendum,
611 1782 719 1849 neque
749 1783 801 1830 me
825 1766 933 1830 iudice
955 1766 1084 1832 iniuria.
1106 1766 1192 1832 Nam

156 1882 190 1944 et
211 1878 357 1944 indicum
380 1878 627 1963 lexicerumque
651 1897 711 1963 ope
734 1879 972 1946 emendationes
992 1900 1069 1946 suas
1088 1881 1191 1947 Phae·

156 1993 286 2058 drianas
317 1991 485 2058 Bentleius
508 1991 592 2076 fecit,
615 1996 648 2058 et
670 2011 708 2058 ea
733 2011 769 2058 re
793 2012 887 2078 saepe
910 2013 929 2057 a
951 1999 1038 2058 recta
1062 1995 1192 2061 criticae

156 2108 235 2173 artis
256 2107 309 2171 via
332 2107 427 2191 plane
450 2105 618 2172 aberravit
643 2104 738 2183 Quod
762 2125 828 2192 quc
851 2107 985 2173 consilio
1010 2107 1115 2173 dicam
1135 2127 1191 2174 ex·

153 2221 275 2306 plicare
299 2219 447 2284 conabor.

200 2333 355 2399 Oriticum
391 2354 492 2419 quum
528 2353 654 2419 semper
687 2339 821 2399 cautum
854 2336 1190 2421 circumspectamque

154 2467 226 2514 esse
260 2452 412 2533 oporteat,
447 2452 517 2513 tum
552 2449 587 2511 in
617 2453 712 2533 petita
744 2448 867 2514 edendo
890 2448 942 2514 vel
965 2451 1106 2515 maxime
1125 2450 1190 2516 illis

154 2562 330 2628 virtutibus
360 2565 390 2628 ei
422 2583 503 2648 opus
534 2569 590 2629 est.
622 2562 694 2628 Hoc
717 2565 802 2628 enim
827 2562 937 2628 labere
961 2564 1019 2648 qui
1041 2563 1190 2650 fungitur

154 2676 237 2740 nihil
262 2681 449 2761 suspectum
474 2675 589 2741 habeat
613 2678 678 2742 nisi
699 2676 786 2762 quod
798 2681 856 2742 aut
868 2679 962 2742 metri
974 2678 1053 2742 vitio
1066 2677 1189 2745 laboret

155 2789 329 2874 autplane
352 2808 451 2855 sensu
476 2809 603 2855 cassum
627 2791 685 2872 sit3
710 2789 825 2874 quodsi
848 2791 904 2874 qui
925 2809 1038 2856 versus
1049 2792 1188 2877 intelligi

155 2911 186 2972 et
221 2906 456 2991 aliquomodo
487 2906 617 2992 probari
647 2908 758 2992 pessit,
783 2908 933 2992 quamvis
956 2929 976 2973 a
998 2909 1187 2993 quotidiano

153 3022 312 3085 sermonis
336 3040 399 3085 usu
422 3021 558 3105 recedat,
581 3026 687 3087 tamen
708 3021 869 3088 abstinere
888 3041 1004 3088 manus
1024 3024 1125 3089 satius
1138 3029 1188 3090 est

154 3153 253 3218 quam
282 3135 459 3219 quidquam
483 3139 617 3218 mutare,
640 3139 826 3221 praesertim
851 3157 953 3222 quum
977 3139 1019 3203 ad
1040 3138 1073 3202 id
1099 3139 1186 3223 qued

152 3247 307 3311 vitiosum
343 3247 471 3313 videtur
505 3248 687 3313 sanandum
720 3250 817 3335 paule
849 3251 1038 3316 violentiore
1061 3252 1186 3317 medela

152 3379 235 3445 epus
269 3362 319 3425 sit
353 3359 591 3427 Difficillimum
626 3363 711 3429 enim
747 3369 796 3429 est
826 3364 933 3430 dicere
964 3365 1043 3450 quid
1073 3369 1185 3450 politae

151 3474 246 3538 liceat
271 3475 349 3558 quid
373 3495 439 3540 non
462 3475 573 3558 iiceet3
595 3477 635 3541 ad
656 3495 785 3542 severas
805 3478 892 3563 leges
912 3479 983 3543 eius
1003 3497 1182 3546 sermenem

152 3587 299 3673 redigere
322 3589 405 3654 velle
427 3591 573 3675 ineptum
598 3596 654 3657 est
679 3589 774 3668 Quod
795 3592 852 3676 qui
875 3611 939 3656 nen
964 3611 1091 3677 semper
1110 3600 1184 3661 ante

154 3701 265 3767 ocules
300 3701 405 3787 habet,
440 3704 468 3769 ei
504 3705 616 3770 nullus
651 3725 715 3770 nou
747 3724 863 3771 versus
887 3711 1056 3792 suspectus
1079 3708 1183 3775 videri
