2676 4290
704 294 745 356 66

344 481 391 546 sio
413 487 484 545 tato
506 499 589 565 quae
612 485 746 546 naturae
768 480 875 545 fuerat
897 496 1031 544 munere

344 596 449 680 impar
471 593 598 660 duabus
621 595 738 660 oooidit
761 595 847 659 tristi
870 611 957 659 neee.
1084 641 1087 649 .

256 768 299 854 n,
325 770 353 835 a
376 769 601 857 Epimythium

346 942 416 1010 Hoe
439 949 629 1031 argumento
652 948 755 1010 tutost
776 943 946 1008 hominum
969 942 1132 1023 tenuiiae3

345 1077 481 1143 magnae
502 1058 622 1144 periclo
646 1062 723 1124 sunt
746 1077 822 1143 opes
845 1056 1013 1122 obnoxiae.

211 1255 278 1300 non
310 1241 412 1302 certat
434 1256 509 1302 eum
531 1235 659 1301 fabudae
682 1239 873 1321 argumento
895 1235 952 1301 sed
973 1235 1069 1319 plane
1092 1228 1249 1298 abundat

211 1348 423 1437 Praeceptum
447 1351 533 1415 enim
556 1351 640 1415 inest
662 1351 697 1414 in
720 1368 873 1435 responso
896 1348 984 1433 quod
999 1347 1091 1412 flenti
1102 1347 1250 1412 consorti

212 1462 267 1527 dat
288 1462 419 1528 mulus:

648 1595 700 1642 me
723 1580 941 1661 contemptum
965 1573 1109 1661 gaudoo;
1191 1648 1194 1653 ἢ

345 1709 422 1755 nam
446 1690 494 1754 nil
517 1690 620 1773 amisi,
642 1708 703 1755 nee
726 1709 800 1754 sum
822 1689 931 1754 laesus
954 1687 1098 1752 vulnere.

257 1852 300 1936 H,
323 1854 353 1917 8.
376 1851 475 1937 Apud
496 1851 663 1917 Perottum
687 1851 775 1916 huno
797 1849 910 1915 habet:
932 1849 1146 1934 praedamque
1169 1847 1252 1914 tolle

212 1987 309 2048 quom
337 1972 510 2051 paraverat
540 1985 641 2031 casua
672 1964 712 2030 In
742 1964 882 2029 Phaedri
913 1962 1078 2028 codicibus
1107 1962 1249 2048 logiuar:

347 2142 564 2229 praedamque
585 2142 677 2207 tollit.
701 2178 744 2188 —
766 2139 857 2205 Haeo
880 2139 1039 2225 signifieat
1060 2138 1172 2205 fabissa

348 2255 515 2321 dominum
538 2256 647 2321 vidore
668 2255 846 2340 plurimum
868 2255 904 2319 in
926 2253 1024 2319 rebus
1046 2254 1124 2318 suis.

258 2418 371 2484 Videri
393 2421 495 2505 possit
517 2418 657 2501 Perotto,
681 2418 830 2502 quamvis
854 2416 887 2481 id
909 2417 951 2482 sit
961 2415 1160 2500 incredibile,
1172 2435 1253 2482 oon·

215 2532 300 2598 salto
321 2533 458 2598 alterum
478 2551 610 2598 versum
621 2532 813 2617 corrupisse,
824 2535 861 2596 ut
874 2530 1010 2596 altorum
1022 2531 1255 2616 omitterepos·

215 2651 280 2728 set;
306 2650 431 2711 constat
454 2650 561 2711 tamen
584 2645 776 2710 sententiam
795 2642 977 2709 haee-mbae
995 2644 1064 2708 sais
1074 2645 1140 2708 iam
1151 2644 1255 2728 plane

216 2760 248 2825 et
270 2761 439 2846 perspicue
461 2761 703 2846 pronuntiatam
727 2777 797 2824 esse
821 2779 840 2823 a
863 2757 945 2823 bove
968 2758 1019 2823 his
1041 2757 1168 2824 verbis:

573 2934 707 3000 Salvum
729 2939 762 2999 te
785 2934 937 3023 cupimus
961 2934 1102 3019 quidem,

307 3047 365 3113 sed
385 3047 450 3131 ille,
474 3048 531 3131 qui
554 3047 664 3113 oeulos
689 3051 820 3113 eentum
842 3046 948 3123 habet,
970 3049 1000 3113 si
1022 3048 1148 3112 venerit

307 3182 425 3248 magno
448 3163 483 3227 in
505 3162 625 3247 periclo
645 3164 714 3226 vita
735 3166 880 3227 vertetur
903 3167 968 3227 tua

262 3324 305 3389 H.
335 3323 493 3411 Epilogus
524 3322 610 3408 apud
641 3322 826 3389 Phaedrum
858 3322 1061 3408 undeviginti
1092 3340 1253 3391 versuum

219 3442 277 3521 eet,
311 3437 398 3523 apud
432 3438 599 3503 Perottum
634 3442 780 3522 quatuor.
815 3436 888 3502 Non
919 3436 1045 3522 negabo
1072 3438 1256 3522 speciosam

221 3552 439 3616 coniecturam
481 3569 551 3616 esee
594 3551 795 3616 censentium
843 3549 1028 3635 quindecim
1073 3568 1191 3616 versuo
1236 3573 1258 3619 a

221 3663 351 3730 Perotto
374 3665 413 3730 de
435 3663 597 3730 industria
617 3664 668 3730 vel
687 3666 779 3751 gravi
796 3664 993 3750 negligentia
1012 3682 1083 3730 esee
1095 3666 1254 3748 omieaos;
