2676 4290
658 215 677 278 2

197 400 225 465 Ε
245 401 363 487 quibus
383 401 490 468 verbis
512 404 572 467 viri
591 403 685 487 docti,
707 422 845 487 quorum
865 403 1015 487 equidem
1032 404 1180 488 inspexe-

152 518 214 581 rim
243 515 344 582 libros
368 555 410 564 -
434 521 466 582 et
494 521 543 581 sat
565 537 683 602 magna
704 517 835 582 illorum
858 522 907 582 est
930 519 1021 602 copia
1044 555 1085 564 -
1112 516 1180 581 effi-

153 651 224 698 cere
259 633 362 698 solent
396 631 603 698 Macedonem
636 634 658 697 i.
671 652 696 698 e.
730 631 887 698 Graecum
920 635 1048 698 natione
1079 632 1180 697 fuisse

152 745 344 811 Phaedrum.
376 745 469 822 Quod
497 747 648 831 equidem
682 751 906 831 argumentum
939 766 1005 811 non
1031 747 1115 811 hanc
1138 746 1178 811 ob

152 878 283 925 causam
313 880 428 944 parum
458 861 611 926 idoneum
642 862 800 944 existimo,
824 861 911 945 quod
934 860 1063 926 Pierum
1088 880 1180 925 mon-

152 977 216 1038 tem
240 973 325 1038 ultra
349 972 498 1039 Graeciae
520 973 601 1039 fines
625 975 723 1039 situm
748 993 894 1040 censeam
918 1013 960 1022 -
984 980 1069 1041 recte
1093 976 1179 1039 enim

152 1087 356 1154 Schwabium
382 1089 615 1155 demonstrasse
638 1090 760 1173 opinor,
779 1089 813 1153 id
834 1090 873 1153 de
895 1109 958 1173 quc
977 1108 1072 1153 nemo
1087 1089 1181 1153 dubi-

151 1205 206 1285 tat,
238 1201 456 1267 Romanorum
488 1203 717 1287 imperatorum
744 1206 845 1267 aetate
868 1202 1090 1286 Macedonum,
1114 1221 1180 1267 non

150 1296 309 1380 'Phracum
339 1315 440 1380 fuisse
470 1317 584 1401 iugum
615 1307 762 1380 Pierium
783 1340 842 1398 —;
868 1316 923 1380 sed
948 1316 1036 1401 quod
1056 1335 1122 1380 non
1146 1317 1180 1380 id

152 1428 256 1494 dicere
286 1428 469 1495 Phaedrum
497 1430 590 1495 credo
615 1430 702 1514 quod
724 1429 888 1514 plerisque
912 1430 1016 1495 dicere
1040 1430 1179 1494 videtur.

154 1543 212 1626 „In
242 1544 347 1609 Pierio
376 1546 454 1629 iugo
486 1563 538 1609 me
569 1547 665 1609 enixa
697 1549 797 1609 mater
820 1543 889 1609 est”
914 1545 965 1608 ait
991 1544 1079 1609 Num
1103 1564 1178 1629 ergo

151 1662 252 1722 mater
282 1659 352 1723 eius
385 1656 505 1723 Graeca
534 1657 619 1723 fuit?
650 1657 693 1722 Et
724 1659 752 1723 si
775 1659 839 1722 iam
863 1662 996 1722 matrem
1023 1656 1177 1722 Graecam

150 1771 251 1836 fuisse
281 1773 458 1855 credamus,
489 1772 568 1856 quid
593 1772 698 1837 obstat
723 1774 896 1856 quominus
921 1776 1044 1856 patrem
1068 1771 1119 1836 vel
1142 1773 1178 1835 in

151 1890 294 1950 extrema
324 1883 469 1950 barbarie
499 1890 613 1950 natum
644 1885 820 1970 putemus?
847 1885 993 1949 Forsitan
1018 1905 1079 1969 me,
1101 1883 1179 1950 Lec-

151 2003 211 2082 tor,
240 1998 429 2064 labefactare
459 2000 569 2063 conari
600 1999 772 2083 suspiceris
801 2017 871 2064 eam
894 2018 962 2063 rem
987 2017 1069 2083 quac
1092 1999 1178 2082 apud

151 2130 262 2176 omnes
285 2116 409 2178 constet
432 2113 521 2176 etin
543 2113 648 2197 scirpo
671 2112 794 2177 nodum
818 2131 987 2197 quaerere:
1013 2132 1032 2176 a
1050 2117 1082 2177 te
1102 2131 1177 2196 ergo

150 2231 223 2310 peto
247 2231 283 2291 ut
306 2231 412 2292 tecum
436 2226 591 2292 deliberes
615 2227 743 2311 etquis
767 2229 809 2291 sit
834 2245 930 2311 quem
953 2227 1004 2291 his
1026 2225 1176 2291 versibus

151 2341 327 2425 alloquitur
356 2341 532 2425 Phaedrus,
563 2345 594 2406 et
626 2360 709 2426 quae
739 2360 815 2405 mcx
842 2342 878 2404 in
901 2341 1011 2405 eodem
1035 2341 1176 2405 carmine

152 2459 336 2540 sequantur.
359 2454 560 2521 libertinum
584 2456 669 2521 enim
690 2459 723 2520 et
738 2456 847 2540 ipsum
865 2454 966 2519 luisse
981 2453 1177 2538 Eutychum,

151 2569 192 2633 ad
223 2587 319 2653 quem
348 2568 422 2633 libri
455 2568 505 2633 111
535 2569 686 2655 prologus
710 2570 848 2654 scriptus
871 2573 927 2651 est,
951 2573 982 2633 et
1005 2587 1023 2632 e
1046 2569 1177 2633 nomine

151 2688 280 2769 apparet
312 2689 344 2748 et
375 2703 392 2748 e
415 2683 553 2748 Phaedri
577 2683 802 2748 admonitione.
824 2674 935 2764 Lydus
957 2681 1092 2747 tortasse
1114 2680 1177 2745 fnit

150 2797 203 2874 vel
230 2796 351 2879 Phryx.
374 2796 460 2860 Eum
483 2816 558 2882 ergo
581 2797 766 2861 adhortatur
788 2794 953 2861 Phaedrus
977 2801 1013 2860 ut
1035 2800 1176 2861 mentem

152 2911 286 2976 excolat.
320 2909 374 2994 „Si
405 2909 462 2975 tu”
492 2911 536 2975 ait
561 2908 723 2994 „barbaris
747 2915 779 2976 te
801 2911 1005 2975 adnumerari
1028 2929 1093 2974 non
1116 2911 1176 2994 vis,

153 3044 204 3089 me
239 3026 376 3109 respice3
412 3024 487 3089 vide
522 3044 620 3108 quam
655 3043 749 3110 aegre
781 3023 894 3089 Musae
924 3044 975 3089 me
1005 3025 1041 3088 in
1065 3029 1176 3089 vatum

153 3156 286 3202 suorum
310 3141 437 3202 coetum
460 3138 632 3223 recipiant,
657 3142 689 3202 et
711 3141 818 3203 tamen
842 3156 900 3222 ego
923 3137 1089 3202 literarum
1109 3157 1177 3201 non

153 3250 337 3315 divitiarum
356 3269 464 3315 amore
484 3251 601 3316 ductus
620 3251 661 3314 ad
679 3231 883 3316 scribendum
903 3251 1044 3314 animum
1058 3250 1177 3334 appuli,

152 3364 378 3449 indefessoque
418 3364 527 3430 labore
561 3365 675 3430 doctus
709 3364 779 3430 fieri
813 3364 940 3446 studui3
978 3365 1055 3449 quid
1091 3365 1177 3448 quod

152 3496 253 3562 paene
282 3479 317 3541 in
346 3480 417 3564 ipsa
448 3479 556 3544 schola
582 3484 678 3545 natus
702 3499 791 3544 sum:
814 3480 848 3543 in
872 3498 936 3563 quo
960 3480 1045 3544 enim
1068 3484 1177 3544 monte

152 3591 223 3656 Iovi
257 3590 368 3657 Musas
402 3594 524 3678 peperit
556 3592 767 3676 Mnemosyne
800 3594 836 3656 in
866 3610 904 3657 eo
935 3597 966 3657 et
986 3594 1057 3679 ipse
1079 3598 1176 3660 natus
1277 3680 1280 3684 g
