2676 4290
515 1817 626 1883 telesam
643 1817 728 1868 timeat
745 1818 893 1885 feriuntque
907 1819 1004 1884 poium
1022 1819 1064 1887 qui
1080 1820 1189 1886 sapiant.

201 2005 316 2093 Neque
347 2007 515 2075 Bentleius
546 2008 635 2075 solus
657 2010 737 2075 mihi
760 2030 780 2076 a
801 2015 891 2075 reeta
914 2010 1053 2076 Phaedri
1075 2029 1183 2077 emen·

156 2121 255 2187 dandi
288 2124 411 2189 ratione
444 2123 609 2191 aberrasse
640 2124 768 2190 videtur
798 2125 855 2190 sed
886 2125 1047 2191 interdum
1072 2130 1104 2192 et
1128 2125 1183 2190 alii

154 2237 218 2301 viri
249 2236 343 2322 docti,
374 2243 439 2303 tam
469 2243 543 2304 aute
574 2258 671 2323 quam
703 2242 776 2323 post
799 2258 883 2306 eum.
909 2237 1003 2316 Quod
1026 2241 1113 2305 enim
1136 2239 1185 2304 illi

154 2369 222 2414 non
246 2369 371 2436 semper
394 2350 579 2417 observasse
601 2351 754 2419 videntur
775 2352 809 2416 id
835 2351 915 2416 mihi
938 2352 998 2417 hae
1020 2354 1056 2416 in
1079 2371 1184 2438 repro

153 2463 363 2531 fundamento
399 2483 471 2530 esse
505 2468 650 2550 oportere
684 2465 968 2549 persuasissimum
1006 2469 1062 2530 esi
1099 2463 1186 2542 Quid

155 2583 264 2644 autem
286 2579 369 2644 illud
392 2579 465 2645 est?
489 2579 606 2646 Paucis
629 2580 732 2646 dioam
755 2580 872 2646 verbis.

200 2691 366 2758 Phaedrus
385 2693 460 2758 lieet
479 2712 577 2758 unam
589 2693 785 2779 alteramque
803 2692 946 2758 fabulam
968 2697 1018 2758 sat
1037 2693 1184 2758 venustis

154 2805 303 2872 versibus
345 2806 547 2892 elegantique
582 2825 730 2873 sermone
762 2809 908 2890 narrarit,
942 2811 1049 2872 tamen
1083 2806 1185 2872 multo

155 2921 284 3005 saepius
316 2921 474 2986 eiusmodi
504 2922 665 2986 commisit
694 2939 827 3004 errores,
860 2921 974 3005 quiin
997 2921 1186 3005 poitaiure

154 3034 334 3119 meritoque
356 3035 497 3126 graviter
518 3034 594 3100 ferri
617 3034 747 3101 soleant„
771 3034 870 3100 Haud
892 3055 964 3100 raro
988 3036 1074 3101 enim
1098 3034 1185 3119 quod

155 3148 328 3215 dicendum
359 3153 427 3215 erat
452 3150 621 3215 enuntiare
644 3169 709 3216 non
732 3151 846 3235 potuit,
871 3150 927 3216 sed
951 3149 1052 3215 mulio
1076 3148 1184 3214 labore

153 3267 185 3329 et
219 3263 337 3328 sudore
370 3264 505 3349 protulit
540 3263 663 3349 aliquid
698 3263 786 3349 quod
819 3268 886 3329 tam
922 3266 1006 3328 esset
1036 3264 1183 3347 ineptum

154 3377 370 3444 obseurumve
399 3382 436 3443 ut
465 3377 523 3443 rix
553 3377 642 3444 ullus
670 3396 688 3443 e
710 3377 818 3444 verbis
842 3379 913 3443 eius
936 3395 1052 3443 sensus
1076 3380 1183 3441 extor-

154 3496 246 3579 queri
276 3494 394 3580 possii3
423 3494 552 3579 saepius
583 3493 679 3559 etiam
702 3492 772 3573 πρὸς
795 3490 828 3556 τὸ
851 3489 976 3570 κεχηνὸς
999 3492 1051 3554 τοῦ
1074 3488 1182 3570 ῥυθμοῦ

153 3609 285 3695 aliquod
313 3610 452 3675 inseruit
481 3607 675 3674 vocabulum
705 3627 725 3671 a
754 3606 818 3671 looi
848 3604 1007 3673 sententia
1030 3603 1181 3669 alienum.

152 3722 245 3791 Dabo
268 3743 372 3812 pauca
395 3723 549 3808 exempla

1067 3827 1083 3881 7
