2676 4290
627 365 691 430 115

292 549 480 634 crepusculo
505 552 632 618 solutus
655 572 721 637 qua
742 552 883 620 visumst
903 573 1003 640 vagor

159 674 312 757 quoniam
334 676 522 760 pontillum
545 679 654 763 inepte
676 679 775 764 lupus
797 685 890 766 rogat

291 813 371 900 Age,
394 814 481 881 abire
503 815 631 900 siquost
653 817 791 901 animus,
815 821 863 883 est
884 817 1039 884 licentia?

200 938 260 1024 III,
283 941 313 1024 8,
336 943 357 1004 4
381 962 427 1026 sq.
451 940 537 1019 Quid
559 943 725 1008 Phaedrus
749 944 912 1028 scripserit
934 964 992 1030 pro
1016 948 1101 1010 certo
1123 950 1187 1011 sta-

157 1055 247 1119 tuere
269 1073 335 1118 non
357 1074 500 1141 possum,
523 1056 579 1121 sed
602 1057 710 1121 nescio
730 1076 772 1121 an
791 1056 938 1123 codicum
957 1058 1052 1123 lectio
1072 1077 1186 1144 suppo·

155 1166 252 1233 situm
291 1189 390 1234 manu
431 1170 472 1235 ad
513 1171 679 1236 veritatem
723 1170 828 1236 ducat.
861 1169 989 1237 Solebat
1020 1173 1118 1257 enim,
1148 1176 1186 1238 ut

156 1283 278 1367 opinor,
307 1288 407 1350 mater
425 1284 593 1369 speculum
618 1303 726 1369 suum,
750 1303 819 1350 rem
845 1286 954 1370 magni
976 1286 1081 1371 pretii,
1105 1305 1185 1351 auro

155 1398 355 1482 gemmisque
386 1403 544 1482 ornatum,
571 1399 607 1462 in
630 1397 700 1462 loco
724 1402 790 1463 tam
815 1399 879 1463 alto
904 1417 1023 1484 ponere
1045 1403 1083 1464 ut
1104 1418 1186 1484 puer

155 1511 328 1596 puellaque
356 1531 398 1578 ne
429 1512 530 1578 oculis
558 1512 689 1597 quidem
712 1531 869 1597 usurpare
891 1512 1012 1578 nedum
1036 1513 1185 1580 manibus

155 1627 311 1711 attingere
345 1631 492 1712 possent3
530 1627 584 1691 usi
614 1645 688 1712 ergo
719 1626 768 1690 illi
799 1631 875 1692 sunt
907 1627 1012 1694 oblata
1033 1626 1185 1695 facultate

155 1759 257 1824 quum
290 1739 420 1826 speculo
453 1740 534 1806 forte
563 1738 727 1822 supposito
756 1744 824 1806 erat
856 1740 1011 1807 cathedra
1044 1740 1131 1819 Quid
1157 1743 1185 1808 si

155 1855 365 1920 coniiciamus

243 1979 290 2045 Hi
312 1979 443 2066 speculo
466 1978 616 2045 cathedra
639 1980 750 2045 matris
774 1979 940 2065 supposita
961 1983 999 2045 ut
1020 1978 1090 2045 fuit

197 2106 257 2192 Ill,
280 2106 331 2191 10,
356 2106 498 2172 13-17.

287 2245 352 2324 Qui
374 2267 449 2312 cum
471 2247 511 2312 de
533 2265 633 2331 puero
656 2245 760 2311 multa
781 2245 935 2311 mentitus
958 2244 1039 2312 foret

288 2364 319 2427 et
342 2361 437 2446 plura
460 2360 499 2426 de
521 2359 650 2446 flagitiis
672 2364 777 2426 castae
800 2359 954 2444 mulieris,

287 2473 411 2558 adiecit,
432 2474 466 2539 id
490 2474 577 2559 quod
599 2473 757 2540 sentiebat
779 2473 922 2538 maxime

287 2590 463 2655 doliturum
486 2589 615 2674 amanti,
639 2590 796 2656 ventitare
820 2586 1003 2654 adulterum

286 2707 462 2790 stuproque
484 2703 572 2789 turpi
593 2703 695 2789 pollui
717 2701 836 2767 famam
862 2702 987 2767 domus.

197 2829 305 2895 Invito
337 2831 483 2896 Phaedro
518 2831 647 2897 additus
681 2830 809 2896 videtur
838 2848 878 2894 vs
911 2830 954 2892 14
976 2831 1005 2893 et
1025 2825 1123 2909 phara
1146 2826 1184 2894 do

150 2941 282 3028 flapita'is
313 2948 416 3011 castae
444 2943 593 3030 molieris,
625 2945 683 3029 qui
706 2947 737 3010 et
759 2942 982 3029 ineptissimus
1005 2941 1182 3028 languidis·

154 3058 322 3145 simusque
355 3063 404 3126 est
437 3063 469 3126 et
503 3059 696 3125 narrationis
731 3057 877 3124 ordinem
911 3056 1086 3144 perturbat.
1119 3056 1183 3135 Qui

153 3173 240 3239 enim
263 3173 474 3240 calumniator
495 3173 630 3240 adiicere
652 3174 758 3259 potuit
781 3172 964 3238 adulterum
984 3172 1024 3237 ad
1045 3189 1182 3237 uxorem

151 3288 279 3373 patroni
307 3289 473 3372 ventitare,
504 3289 532 3353 si
560 3288 626 3353 iam
655 3285 755 3352 molto
791 3286 830 3352 de
852 3305 963 3373 puer0,
979 3283 1081 3368 pluro
1103 3303 1182 3350 vero

152 3401 192 3469 de
213 3402 327 3467 uxoris
349 3401 479 3488 flagitiis
503 3401 657 3468 mentitus
679 3401 771 3467 erat?

196 3515 240 3581 ib.
260 3517 305 3592 29
330 3536 377 3601 sq.

283 3641 431 3709 Lucerna
452 3642 547 3708 allata
566 3642 662 3708 simul
685 3641 811 3726 aspexit
832 3640 936 3705 filium

284 3761 492 3844 sanctamque
514 3775 650 3824 uxorem
673 3756 883 3823 dormientem
908 3751 1068 3820 cubiculo.
