2676 4290
589 372 651 438 107

104 557 238 641 imperio
274 556 492 623 decreverunt.
528 557 592 635 Qui
621 559 662 624 ad
688 560 782 625 illum
802 559 957 623 honorem
981 561 1130 622 creantur

101 670 179 734 laeti
200 670 367 756 fastusque
389 672 477 757 pleni
499 677 670 739 assumunt
690 673 846 758 insignia:
872 670 1024 736 cornibus
1043 673 1131 756 enim
1156 692 1159 696 ·

103 788 201 868 caput
236 791 400 851 exornant.
433 786 598 853 Prodeant
632 807 742 853 mures
774 786 873 852 denso
906 785 947 850 ad
970 789 1130 850 certamen

104 899 232 983 agmine
265 900 322 965 sed
356 900 552 986 simulatque
574 902 699 967 hostem
720 903 881 986 aspiciunt
903 902 939 964 in
961 899 1072 985 fugam
1095 919 1130 966 se

102 1013 295 1094 coniiciunt;
327 1016 424 1079 ceteri
454 1014 634 1098 elabuntrm,
658 1016 756 1080 duces
778 1015 959 1080 retinentur
977 1012 1130 1079 cornibus

102 1126 172 1190 suia
191 1127 435 1212 capiunturque.
459 1127 597 1192 Phaedri
620 1147 696 1213 ergo
718 1127 860 1193 fabulam
880 1127 1132 1212 quisibiemen·

104 1239 181 1304 dare
210 1240 362 1305 ridentur
384 1241 551 1306 orantum
572 1241 706 1327 legendo
729 1260 787 1326 pro
810 1240 955 1325 concita,
977 1260 1043 1305 non
1067 1240 1131 1305 dis-

102 1353 225 1419 similes
254 1359 331 1419 sunt
360 1355 430 1419 viro
459 1355 508 1419 illi
538 1357 650 1440 capitis
673 1356 844 1439 damnato,
876 1357 934 1440 qni
965 1374 1067 1439 quum
1091 1353 1131 1419 ad

103 1466 299 1550 supplicium
329 1466 501 1532 duceretur
526 1469 561 1532 in
592 1470 706 1534 itinere
729 1468 918 1553 suppliciter
939 1465 1072 1552 rogabat
1094 1470 1132 1531 ut

103 1577 168 1645 sibi
190 1580 357 1645 reduviem
380 1599 493 1646 curare
514 1582 625 1648 liceret
646 1601 689 1647 ne
711 1601 749 1648 ea
767 1582 890 1647 diutim
908 1585 1087 1647 vexaretur.

149 1806 211 1873 His
244 1827 319 1893 ergo
352 1810 399 1873 ita
433 1811 588 1894 expositis
618 1814 719 1875 restat
748 1814 785 1875 ut
810 1811 928 1894 raptim
949 1808 1132 1873 Phaedrum

104 1940 288 2006 percurram
311 1926 342 1988 et
365 1923 406 1987 ad
428 1924 535 1989 varios
559 1925 629 1989 eius
651 1943 765 1990 versus
789 1925 893 1989 varias
916 1941 1003 1987 meas
1024 1922 1131 1987 obser·

104 2036 249 2100 vationes
277 2035 444 2120 proferam.
477 2035 511 2102 Si
543 2037 621 2122 quid
650 2038 686 2101 in
716 2038 757 2102 iis
788 2038 888 2102 lector
908 2037 1008 2102 latere
1029 2035 1133 2101 bonae

105 2150 209 2236 frugis
240 2153 370 2236 putarit,
403 2171 486 2236 quae
515 2151 571 2216 ille
601 2150 795 2237 improbabit
824 2171 884 2237 ego
906 2170 971 2216 non
994 2151 1133 2234 pertina—
1269 2244 1271 2248 Ι

105 2267 184 2330 citer
207 2264 382 2351 defendam.

147 2376 173 2456 Ι,
198 2378 227 2462 1,
251 2378 291 2441 11
317 2397 364 2463 sq.

192 2541 369 2627 Respondit
391 2563 512 2629 agnus:
536 2542 685 2627 equidem
706 2537 803 2606 natus
826 2559 893 2604 non
916 2558 1012 2625 eram,

193 2656 291 2722 Pater
313 2657 420 2722 hercle
439 2661 526 2741 tuus,
545 2656 661 2740 inquit,
684 2654 851 2719 maledixit
872 2654 960 2718 mihi.

151 2793 391 2860 claudicantem
424 2815 471 2859 vs.
508 2795 550 2857 12
585 2811 773 2878 personasse
788 2832 789 2836 =
803 2792 931 2856 videtur
957 2790 1130 2876 Langenus

102 2909 273 2974 inserendo
297 2909 339 2973 idi
360 2913 434 2973 ante
453 2909 566 2994 iuquit.
586 2907 649 2974 Sed
668 2927 775 2992 neque
787 2907 959 2972 admodum
971 2911 1130 2972 venustus

102 3027 149 3089 ita
190 3026 333 3090 nascitur
374 3026 521 3089 senarius
560 3027 591 3088 et
627 3024 786 3089 sententia
819 3023 907 3087 istud
941 3021 1130 3087 adverbium
1203 3068 1207 3080 .

101 3140 234 3223 respuit.
265 3139 309 3202 Ut
340 3158 416 3204 oum
447 3135 712 3222 praecedentibus
745 3137 827 3204 bene
856 3139 909 3202 hic
939 3157 1054 3204 versus
1077 3157 1129 3202 oo-

18 3326 21 3332 ,
103 3250 232 3317 haereat
266 3271 347 3337 opus
378 3256 426 3317 est
456 3252 682 3316 coniunctione
712 3256 788 3336 tum,
808 3272 888 3335 erpo,
908 3253 1007 3334 ipitufr
1028 3251 1130 3317 aliave

103 3386 146 3432 ex
168 3385 206 3430 eo
229 3385 353 3451 genere.

148 3480 174 3565 I,
200 3482 227 3543 9.
251 3500 316 3564 ssq.

194 3631 392 3718 Oppressum
416 3632 455 3698 ab
479 3633 597 3717 aquila,
619 3632 715 3698 fletus
739 3637 771 3697 et
794 3632 920 3696 dantem
948 3650 1062 3717 graves

193 3745 332 3831 leporem
356 3745 544 3831 obiurgabat
565 3765 683 3832 passer.
