2676 4290
605 315 646 380 31

150 499 205 564 Ex
237 501 365 566 iniuriis
398 505 505 566 autem
540 504 570 565 ai
599 502 696 567 illatis
726 508 802 567 nata
825 507 874 568 est
898 503 954 567 illa
976 502 1131 570 acerbitas

105 632 190 697 quae
224 613 300 678 inde
322 634 341 678 a
363 613 445 678 libro
467 614 519 678 III
541 616 643 700 magis
668 635 765 700 qnam
789 620 882 681 antea
904 615 1017 699 prodit
1039 615 1133 682 Hanc

104 725 309 792 acerbitatem
331 728 411 791 milri
433 747 605 812 agnoscere
628 729 739 793 videor
761 729 796 792 in
818 729 1132 813 epimythiolabulae

106 838 150 903 13
173 840 272 905 huius
292 840 368 905 libri
389 841 506 906 addito.
531 840 616 919 Quid
639 845 724 907 enim
746 844 782 907 in
802 845 991 907 universum
1010 843 1132 927 depro-

103 954 237 1036 mythiis
276 956 524 1040 epimythiisque
553 975 705 1032 censeam
740 976 819 1021 mox
853 956 1035 1038 declarabo;
1071 957 1132 1022 hoc

102 1072 212 1134 autem
234 1070 342 1133 nescio
364 1088 406 1132 an
429 1073 515 1132 certo
539 1069 678 1152 quodam
702 1070 837 1134 consilio
855 1068 1131 1155 Phaedrusladdi·

103 1180 194 1246 derit
218 1179 350 1246 Constat
372 1200 415 1245 ex
438 1180 587 1246 versibus

258 1354 342 1418 hanc
364 1355 586 1439 praeterissem
608 1354 750 1419 fabulam
774 1355 901 1420 silentio

258 1469 287 1531 si
308 1471 433 1551 pactam
457 1466 524 1532 fuci
547 1487 614 1532 non
635 1474 839 1533 recusassent
860 1468 964 1533 fidem.

148 1627 273 1706 Quibus
297 1649 372 1695 cnm
396 1629 510 1695 acerbo
528 1632 597 1695 risu
618 1630 1129 1715 etindignabundumhocdioera

101 1744 251 1828 auspicor
271 1746 412 1826 poetam:
440 1743 538 1826 „haec
560 1749 609 1807 eat
631 1744 697 1807 vita
719 1744 897 1825 hominum,
918 1744 953 1807 in
972 1745 1131 1809 eiusmodi

100 1857 231 1920 civitate
264 1857 405 1920 vivimus
440 1860 477 1920 ut
509 1857 605 1939 pauci
638 1856 771 1939 quidam
806 1857 916 1939 ignavi
947 1861 979 1921 et
1008 1858 1127 1921 inertes

100 1972 307 2033 strenuorum
324 1969 565 2053 periturumque
582 1967 732 2033 fruantur
752 1967 870 2051 labore,
884 1969 961 2033 dum
973 1970 1035 2052 ipsi
1046 1970 1129 2033 nihil

55 2073 60 2084 '
99 2086 211 2166 agunt,
242 2099 409 2165 quumque
437 2081 478 2146 ad
501 2100 641 2165 aequum
664 2086 825 2148 certamen
847 2083 1026 2146 invitantur
1046 2082 1128 2147 illud

98 2192 284 2262 recusant.’'

144 2308 208 2374 Sed
241 2310 327 2374 haud
361 2309 459 2376 dubie
492 2329 530 2375 ea
563 2309 719 2375 acerbitas
754 2327 857 2393 eaque
890 2309 1068 2392 indignatio
1091 2313 1126 2375 in

99 2421 285 2507 „improbe”
308 2424 356 2505 (ut
378 2421 534 2487 Martialis
557 2428 632 2488 utar
650 2421 816 2502 ¹vocabulo)
836 2421 1127 2489 etinficetafabula

95 2534 164 2600 XV
197 2537 248 2618 (de
281 2555 359 2600 oane
392 2537 433 2600 ad
454 2538 585 2620 agnum)
609 2537 758 2600 cernitur.
782 2534 892 2599 Solent
915 2537 1001 2600 enim
1025 2573 1067 2583 -—
1090 2539 1126 2602 id

97 2649 186 2734 quod
227 2654 337 2714 nostro
379 2655 522 2735 tempore
565 2650 674 2715 multis
717 2650 874 2733 exemplis
914 2649 1126 2716 demonstrari

98 2766 202 2848 potest
236 2799 279 2809 -
312 2763 458 2827 homines
493 2782 575 2847 quos
599 2764 694 2827 sortis
719 2780 796 2826 suae
819 2764 987 2846 poeniteat,
1010 2765 1068 2848 qni
1091 2783 1125 2830 se

96 2892 155 2958 pro
182 2876 305 2939 meritis
328 2874 471 2940 debitum
494 2877 674 2959 praemium
697 2894 763 2940 non
785 2876 928 2958 accipere
949 2881 981 2940 et
1002 2877 1124 2961 insigni

94 2986 215 3053 iniuria
238 2987 322 3052 affici
342 2987 482 3071 credant,
502 2989 537 3052 in
549 2989 742 3053 derisionem
753 3007 869 3052 vocare
881 2994 913 3053 et
924 2989 1028 3071 palam
1040 2988 1124 3053 ludi-

95 3099 166 3164 brio
199 3100 316 3166 habere
349 3120 402 3166 res
432 3121 515 3186 quae
548 3121 674 3187 semper
695 3102 881 3167 hominibus
904 3107 1123 3167 sacrosanctae

95 3213 187 3279 visae
219 3220 303 3279 eunt.
336 3213 416 3292 Quis
446 3217 531 3280 enim
555 3220 650 3298 neget
673 3234 710 3279 ea
732 3214 843 3280 fabula
864 3217 1013 3300 pietatem
1036 3234 1123 3280 amo-

95 3345 232 3411 remque
254 3345 328 3413 erga
349 3333 497 3412 parentes
519 3327 680 3393 derideri?

143 3439 311 3506 Clauditur
344 3447 452 3507 autem
483 3441 565 3506 liber
595 3442 718 3527 epilogo
742 3443 778 3524 (c.
791 3447 812 3505 t.
834 3443 938 3526 poeta)
963 3443 1020 3525 qui
1043 3442 1123 3506 mihi

96 3556 294 3638 compositus
327 3555 455 3620 videtur
488 3561 562 3621 orata
593 3556 762 3640 prologum
797 3554 833 3636 (c.
846 3559 867 3620 t.
890 3554 1057 3620 Phaedrus
1081 3556 1122 3619 ad

94 3667 305 3751 Eutychum).
319 3667 402 3733 Nam
413 3670 449 3732 in
460 3668 584 3755 epilogo
595 3675 689 3754 poeta
701 3688 847 3735 sermone
858 3670 962 3735 utitur
973 3669 1123 3752 hominis,
