2676 4290
613 336 654 399 73

248 595 381 680 Orata,
404 596 518 661 merito
542 596 670 681 sapiens
695 594 801 660 dioere
824 591 992 660 omnibus!

247 710 320 776 Nisi
343 709 455 775 utilest
479 709 566 794 quod
589 709 736 792 facimus,
759 707 889 773 stultast
910 707 1021 792 gloria.

158 861 218 946 111,
243 862 293 926 19.
316 860 474 947 Lopidum
498 865 547 926 est
565 861 665 926 huius
686 858 814 924 fabulae
838 859 1068 943 epimythium:

246 1024 318 1090 Hoo
337 1026 366 1090 si
389 1024 544 1089 molestus
566 1023 621 1089 ille
645 1024 685 1087 ad
709 1024 854 1088 animum
878 1023 1010 1105 rettulit,

247 1140 347 1204 sensit
368 1138 508 1224 profecto
532 1157 568 1203 so
590 1138 755 1202 hominem
779 1157 844 1201 uon
868 1139 977 1202 visum
999 1138 1077 1202 seni

159 1287 222 1354 Sed
245 1289 438 1374 languidum
459 1288 496 1355 fit
519 1289 644 1354 addito:

247 1453 472 1537 intempestive
495 1452 552 1536 qui
576 1454 731 1537 oooupato
755 1451 902 1516 alluserit

67 1622 70 1628 ·
116 1605 175 1690 qui
196 1623 312 1670 versus
337 1624 402 1669 non
426 1608 474 1669 est
497 1604 532 1668 in
555 1603 624 1668 eod.
646 1602 687 1669 V.

158 1717 215 1803 IV,
239 1719 291 1782 22.
313 1717 377 1782 Pro
400 1716 548 1783 versibus
574 1718 660 1781 l-3

133 1915 135 1919 <
247 1879 333 1958 Quid
354 1880 497 1946 iudicare
520 1881 638 1964 cogitet
660 1879 744 1944 livor
765 1879 879 1963 malus,

245 1995 321 2060 lieet
345 1993 527 2060 dissimulet
549 1993 683 2079 pulchre
705 1997 813 2059 tamen
835 1992 990 2077 intelligo.

212 2172 214 2176 ,
247 2107 414 2193 Quidquid
437 2106 565 2193 putabit
588 2115 659 2172 esse
683 2106 818 2191 dignum
842 2107 998 2170 memoria

110 2261 147 2323 in
169 2258 210 2324 V.
233 2259 351 2344 legitur

199 2420 274 2486 Heu
298 2425 441 2506 quantus
464 2425 512 2485 est
535 2439 660 2505 semper
682 2420 766 2484 livor
789 2421 988 2485 mortalium!
1101 2494 1104 2498 ,

130 2578 133 2585 ,
199 2540 276 2600 suut
300 2536 357 2619 qui
381 2534 540 2620 quidquid
563 2538 677 2620 putant
701 2534 837 2619 dignum
861 2538 1023 2600 memoria.

156 2685 219 2751 Pro
243 2685 374 2751 arbitrio
399 2687 580 2770 corrupisse
605 2704 717 2750 versus
740 2684 917 2768 Perottum‚
942 2706 1007 2770 quo
1030 2687 1142 2751 antho-

108 2801 213 2886 logiae
243 2819 322 2866 suae
352 2800 468 2865 fierent
499 2800 648 2885 aptiores,
679 2799 732 2864 vel
761 2819 957 2883 quacunque
981 2800 1020 2866 de
1043 2820 1141 2866 causa

108 2934 226 3000 negare
249 2915 332 2979 nolo.

107 3076 165 3160 IV,
177 3077 228 3141 25.
243 3077 271 3142 1.
302 3075 409 3142 Homo
433 3077 547 3142 doetus
570 3079 605 3140 in
630 3096 664 3143 se
689 3096 815 3161 semper
838 3078 966 3143 divitias
991 3077 1095 3143 habet.

153 3226 257 3293 Multo
288 3228 404 3293 melius
435 3229 496 3292 hoo
526 3248 600 3292 oum
633 3248 650 3292 e
673 3233 740 3293 tota
761 3229 880 3314 fabula,
902 3235 972 3295 tum
996 3250 1014 3296 e
1037 3230 1140 3296 Simo-

107 3342 193 3408 nidis
217 3343 301 3407 dioto
327 3362 472 3425 „mecum
498 3363 570 3407 mea
593 3347 671 3408 sunt
694 3344 841 3428 eunota'’,
865 3364 929 3429 quo
953 3364 1018 3409 non
1039 3346 1139 3411 semel

107 3456 163 3523 sed
200 3454 250 3521 bis
284 3455 339 3521 1119
370 3457 482 3539 utitur,
512 3456 613 3521 lector
645 3457 746 3522 discat
769 3477 835 3521 non
859 3459 956 3523 nimis
980 3459 1137 3544 stupidus.

151 3568 209 3652 IV,
233 3570 287 3652 25,
312 3571 340 3634 1.
361 3569 399 3633 In
423 3569 650 3655 proscribendo
673 3571 855 3655 promythio

240 3706 295 3773 Nil
318 3726 412 3794 agere
436 3708 523 3795 quod
547 3728 613 3774 non
636 3711 737 3795 prosit
758 3708 874 3776 fabella
896 3711 1018 3777 indicat
