2676 4290
590 321 631 385 51

134 503 264 582 Quanto
286 507 415 573 stultior
436 505 569 572 Romuli
591 527 688 592 quam
713 506 852 572 Phaedri
875 525 996 591 equus:
1023 526 1121 591 quam

85 621 178 685 enim
199 639 268 686 rem
294 620 354 687 tibi
376 621 489 687 callide
514 623 715 707 exoogitasso
737 621 867 706 videris,
891 621 931 686 de
955 641 1021 706 qua
1045 639 1121 706 ergo

86 736 166 798 unte
199 733 259 798 tibi
292 739 360 799 erat
391 734 535 799 ineunda
568 735 650 799 ratio
684 735 731 799 ita
763 737 801 799 ut
831 738 864 799 et
893 734 1061 798 oommoda
1092 738 1124 799 et

85 847 294 913 incommoda
324 867 408 933 quae
430 849 507 914 inde
530 850 622 914 nasoi
644 852 776 933 possent
798 852 964 934 perspecta
986 852 1019 913 et
1040 847 1123 913 bene

87 961 255 1046 explorata
277 963 420 1046 haberes,
442 963 478 1027 in
496 963 552 1027 illa
570 967 636 1028 tam
655 962 751 1048 plane
771 965 964 1048 aproposito
976 961 1124 1028 aberrare

85 1079 128 1139 ut
158 1095 324 1142 summum
353 1077 491 1161 accipias
523 1076 677 1141 damnum
704 1080 736 1141 ot
766 1093 808 1140 ne
830 1095 966 1160 parrum
992 1075 1123 1161 quidem

84 1189 172 1254 illud
200 1189 330 1255 luorum
361 1190 498 1275 aooipias
530 1190 624 1255 cuius
652 1209 750 1255 oausa
771 1208 857 1254 novo
882 1189 1017 1256 oonsilio
1040 1210 1123 1256 usus

86 1305 145 1389 sis,
175 1322 212 1370 ea
242 1303 373 1370 demum
402 1322 480 1369 rora
507 1307 539 1368 et
562 1303 664 1369 solida
688 1303 848 1369 dementia
871 1307 936 1369 est
952 1303 1123 1389 Persperit

83 1419 150 1484 hoo
170 1438 238 1484 non
259 1417 420 1484 Romulus
443 1418 501 1483 sed
522 1423 635 1483 auctor
654 1419 734 1503 eius,
751 1437 848 1504 quem
868 1438 887 1483 a
907 1417 1053 1484 Phaedro
1077 1419 1124 1484 di·

83 1552 220 1599 versum
243 1531 345 1598 fuisse
367 1551 419 1598 res
442 1533 513 1617 ipsa
536 1531 661 1597 clamat.

134 1644 198 1712 Sed
230 1646 354 1732 nequid
385 1645 595 1732 disputationi
625 1644 666 1711 do
696 1645 756 1710 huo
777 1643 887 1711 fabula
910 1645 995 1711 desit
1018 1666 1122 1731 pauca

84 1759 235 1826 addenda
264 1759 425 1826 ridentur.
456 1759 506 1826 Ne
535 1759 719 1825 Aristotelis
750 1760 882 1844 quidem
916 1761 1058 1825 narratio
1084 1761 1124 1826 de

84 1873 253 1940 Simonide
276 1873 377 1959 (Rhet
401 1873 444 1959 Π,
469 1875 522 1956 20)
545 1877 610 1939 tam
633 1873 729 1960 plena
752 1878 783 1940 et
805 1874 1118 1959 perfectaestquam

83 1987 220 2054 Romuli
247 1987 364 2054 fabula
395 1987 435 2052 In
465 1989 521 2053 illa
551 1989 638 2053 enim
670 2006 777 2072 equus
800 1989 964 2054 hominem
986 2007 1119 2074 rogasse

84 2103 227 2170 traditur
256 2104 399 2188 possitne
423 2103 515 2168 sein
538 2121 642 2188 poena
665 2102 705 2167 de
729 2122 824 2170 cervo
848 2103 1007 2168 sumenda
1030 2102 1122 2169 adiu·

83 2236 174 2284 rure.
204 2216 389 2303 Respondet
406 2218 520 2282 homo:
548 2236 709 2301 „possum
732 2218 822 2282 situ
844 2216 975 2282 stonum
1001 2218 1122 2303 aooipis

85 2350 215 2418 egoque
242 2336 275 2397 te
306 2331 487 2397 oonsoendo
516 2335 548 2396 et
578 2330 685 2395 iaouda
716 2329 840 2395 sumo.”
872 2331 956 2396 Nam
981 2328 1122 2396 Cononis

84 2444 229 2512 narratio
258 2446 312 2528 (42
343 2445 430 2530 apud
459 2443 624 2526 Photium)
654 2445 758 2510 multo
789 2446 885 2510 etiam
911 2444 1052 2510 Phaedri
1075 2443 1124 2509 fa·

85 2558 186 2625 bulas
204 2562 254 2625 est
272 2559 425 2624 similior:
445 2560 480 2622 in
501 2576 539 2623 ea
559 2560 646 2623 enim
666 2562 698 2624 et
716 2560 786 2644 ipsa
807 2578 923 2626 cervus
939 2563 1124 2625 avenatore

82 2672 194 2738 iaoulo
224 2670 432 2757 transfigitur.
464 2670 668 2757 Lepidiorem
701 2677 733 2737 et
765 2673 927 2738 utiliorem
954 2691 1025 2738 eam
1051 2691 1123 2738 esse

83 2786 305 2852 narrationem
327 2788 361 2851 in
386 2806 452 2871 qua
470 2786 659 2871 imprudens
680 2805 786 2871 equus
805 2792 907 2852 semet
926 2788 962 2851 in
983 2788 1121 2853 servitu·

81 2905 154 2967 tom
182 2899 313 2996 uadens
336 2918 378 2965 ue
399 2899 465 2964 leri
488 2900 619 2985 quidem
643 2900 781 2966 ultionis
803 2899 932 2966 fruatur
956 2901 1122 2986 voluptate

84 3013 166 3100 quis
188 3032 256 3078 non
280 3013 403 3078 sentit?
1040 3028 1044 3035 ¹

132 3125 246 3193 Horat.
269 3125 327 3212 Ep.
350 3126 376 3212 Ι,
401 3127 452 3210 10,
477 3127 517 3191 37
543 3147 589 3212 sq.
614 3127 655 3192 ad
676 3125 819 3193 fabulam
842 3129 974 3212 respicit
997 3127 1033 3191 in
1057 3147 1123 3212 qua

78 3261 206 3312 cervus
229 3242 402 3325 oooiditur3
426 3262 473 3307 vs.
497 3243 540 3306 34
564 3262 634 3327 sqq.

128 3483 247 3532 cervus
270 3484 392 3551 equum
413 3486 523 3551 pugna
546 3465 660 3531 melior
682 3466 910 3532 communibus
934 3465 1049 3532 herbis

128 3578 277 3665 pellebat,
300 3579 402 3645 donee
425 3581 530 3644 minor
552 3581 587 3644 in
611 3581 785 3645 certamino
809 3581 906 3665 longo

129 3693 304 3780 inploravit
327 3712 403 3780 opes
425 3694 565 3759 hominis
586 3692 781 3779 frenumque
803 3695 931 3778 recepit.
