2676 4290
574 1122 790 1199 CAPUT
828 1123 875 1199 V.

539 1663 584 1714 Cui
598 1665 654 1728 plur
671 1662 730 1714 licet
746 1681 816 1729 quam
832 1680 880 1729 par
897 1668 934 1713 eat
945 1664 1002 1729 pha
1016 1665 1070 1714 rull
1086 1680 1160 1729 quan
1180 1665 1253 1717 lieet.

256 1832 445 1899 Communis
476 1838 525 1899 est
556 1835 700 1898 virorum
732 1834 900 1898 dootornm
924 1835 1033 1919 opinio
1055 1832 1248 1899 Bentleinrn

208 1949 244 2012 in
266 1947 412 2013 Phaedro
436 1947 558 2012 edendo
581 1947 677 2013 talem
701 1967 736 2012 se
757 1949 954 2032 praestitisse
976 1947 1106 2032 qualem
1128 1965 1209 2012 eum
1231 1966 1250 2013 e

208 2060 300 2127 libris
331 2062 370 2127 de
400 2061 580 2127 Phalaridis
612 2062 764 2145 epistolis,
795 2081 837 2126 ex
868 2061 1001 2146 epistola
1029 2060 1069 2125 ad
1092 2058 1251 2145 ΜίΠίιιω,

210 2195 252 2241 ex
275 2174 537 2240 annotationibus
561 2174 601 2239 ad
619 2174 834 2240 Menandrum
847 2180 879 2240 et
889 2173 1112 2239 Philemonem
1125 2192 1251 2259 eogno-

210 2289 326 2371 vimus,
348 2289 382 2352 id
402 2296 451 2353 est
462 2290 570 2353 virum
592 2287 772 2352 admirabili
783 2289 932 2353 acumine
943 2289 1067 2373 ingenii
1079 2287 1251 2372 smulque

211 2403 368 2487 singulari
390 2403 516 2488 pulchri
539 2404 674 2487 verique
705 2421 804 2468 sensu
822 2401 1014 2487 praeditum,
1033 2403 1092 2488 qui
1111 2401 1250 2468 nullum

211 2518 326 2581 vitium
351 2519 507 2582 sermonis
531 2519 749 2582 sententiaeve
780 2516 1023 2582 inobservatum
1046 2517 1252 2601 praeteriret7

210 2630 293 2694 nihil
316 2636 501 2716 suspectum
525 2630 656 2695 haberet
671 2630 759 2714 quod
771 2649 887 2695 sanum
900 2631 1128 2716 sincerumque
1140 2633 1250 2712 esset;

211 2746 306 2809 ouius
333 2744 572 2810 emendationes
604 2748 659 2808 aut
692 2748 796 2808 certae
823 2749 930 2809 essent
953 2748 1009 2808 aut
1032 2743 1144 2809 sutem
1164 2743 1251 2828 lepi-

212 2859 344 2923 dissime
366 2858 524 2923 inventae.
546 2856 597 2922 Ita
620 2861 706 2923 certe
729 2857 858 2922 deeius
879 2856 1251 2941 operaPhaedroadhi-

211 2970 278 3035 bita
300 2975 409 3036 censet
427 2971 529 3036 iudex
549 2973 666 3034 πολλῶν
676 2966 814 3043 ἀντάξιος
826 2968 925 3034 ἄλλων
937 2969 1102 3035 Lucienus
1113 2969 1250 3057 Miiller,

213 3086 271 3168 qui
304 3087 339 3149 in
372 3083 480 3149 libello
515 3085 555 3149 de
588 3084 727 3150 Phaedri
761 3089 794 3150 et
827 3085 948 3149 Aviani
987 3084 1106 3150 fabulis
1136 3104 1169 3169 p.
1202 3086 1250 3151 22

213 3195 409 3261 haecdicit:

346 3308 472 3374 Horum
496 3310 564 3388 (ie.
589 3329 655 3375 non
679 3310 786 3376 solum
808 3310 944 3395 Pithoei,
967 3310 1110 3397 Rigaltii,
1135 3309 1251 3398 Gudii,

304 3423 360 3488 sed
401 3424 497 3488 etiam
535 3422 661 3488 Nicolai
694 3423 833 3506 Heinsii)
868 3425 1038 3492 conatibus
1071 3426 1249 3511 caliginem

303 3535 434 3600 induxit
467 3534 646 3601 Richardus
680 3537 855 3615 Bentleius‚
891 3539 948 3623 qui
982 3540 1124 3625 primum
1159 3559 1251 3606 anno

304 3648 388 3711 1726
413 3650 447 3712 in
471 3649 645 3735 appendice
666 3650 807 3716 Terentii
829 3651 928 3717 edidit
950 3651 1146 3738 Phaedrum,
1157 3656 1248 3720 notis
