<?xml version="1.0" encoding="UTF-8"?>
<!DOCTYPE html PUBLIC "-//W3C//DTD XHTML 1.0 Transitional//EN"
    "http://www.w3.org/TR/xhtml1/DTD/xhtml1-transitional.dtd">
<html xmlns="http://www.w3.org/1999/xhtml" xml:lang="en" lang="en">
 <head>
  <title>
</title>
<meta http-equiv="Content-Type" content="text/html;charset=utf-8" />
  <meta name='ocr-system' content='tesseract 3.04.00' />
  <meta name='ocr-capabilities' content='ocr_page ocr_carea ocr_par ocr_line ocrx_word'/>
</head>
<body>
  <div class='ocr_page' id='page_1' title='image "./dephaedrifabuli00hartgoog_0129.png"; bbox 0 0 2676 4290; ppageno 0'>
   <div class='ocr_carea' id='block_1_1' title="bbox 677 337 742 401">
    <p class='ocr_par' dir='ltr' id='par_1_1' title="bbox 677 337 742 401">
     <span class='ocr_line' id='line_1_1' title="bbox 677 337 742 401; baseline 0.015 -1"><span class='ocrx_word' id='word_1_1' title='bbox 677 337 742 401; x_wconf 89' lang='lat'>118</span> 
     </span>
    </p>
   </div>
   <div class='ocr_carea' id='block_1_2' title="bbox 194 514 1232 1290">
    <p class='ocr_par' dir='ltr' id='par_1_2' title="bbox 194 514 1232 834">
     <span class='ocr_line' id='line_1_2' title="bbox 239 514 1232 608; baseline 0 -21"><span class='ocrx_word' id='word_1_2' title='bbox 239 523 304 588; x_wconf 83' lang='lat' dir='ltr'>Pro</span> <span class='ocrx_word' id='word_1_3' title='bbox 326 521 391 587; x_wconf 73' lang='lat' dir='ltr'>atto</span> <span class='ocrx_word' id='word_1_4' title='bbox 413 523 479 606; x_wconf 79' lang='lat'><strong>(15)</strong></span> <span class='ocrx_word' id='word_1_5' title='bbox 501 523 674 608; x_wconf 82' lang='lat' dir='ltr'>legendum</span> <span class='ocrx_word' id='word_1_6' title='bbox 698 523 827 588; x_wconf 83' lang='lat' dir='ltr'>ridetur</span> <span class='ocrx_word' id='word_1_7' title='bbox 849 521 957 588; x_wconf 69' lang='lat' dir='ltr'>altae.-</span> <span class='ocrx_word' id='word_1_8' title='bbox 977 542 995 587; x_wconf 74' lang='grc' dir='ltr'><strong><em>ο</em></strong></span> <span class='ocrx_word' id='word_1_9' title='bbox 1016 514 1120 607; x_wconf 81' lang='lat' dir='ltr'>rega&#39;o</span> <span class='ocrx_word' id='word_1_10' title='bbox 1141 524 1232 588; x_wconf 90' lang='lat' dir='ltr'>euim</span> 
     </span>
     <span class='ocr_line' id='line_1_3' title="bbox 194 633 1232 721; baseline 0.001 -21"><span class='ocrx_word' id='word_1_11' title='bbox 194 635 314 700; x_wconf 76' lang='lat' dir='ltr'>Aeetae</span> <span class='ocrx_word' id='word_1_12' title='bbox 336 635 422 720; x_wconf 80' lang='lat' dir='ltr'>fugit</span> <span class='ocrx_word' id='word_1_13' title='bbox 443 635 564 718; x_wconf 61' lang='lat' dir='ltr'>Medum</span> <span class='ocrx_word' id='word_1_14' title='bbox 586 636 624 699; x_wconf 77' lang='lat' dir='ltr'>ia</span> <span class='ocrx_word' id='word_1_15' title='bbox 645 633 755 700; x_wconf 81' lang='lat' dir='ltr'>Pelise</span> <span class='ocrx_word' id='word_1_16' title='bbox 773 654 873 721; x_wconf 81' lang='lat' dir='ltr'>reguo</span> <span class='ocrx_word' id='word_1_17' title='bbox 893 635 1004 700; x_wconf 90' lang='lat' dir='ltr'>dolum</span> <span class='ocrx_word' id='word_1_18' title='bbox 1024 637 1232 721; x_wconf 84' lang='lat' dir='ltr'>struxitque</span> 
     </span>
     <span class='ocr_line' id='line_1_4' title="bbox 195 749 745 834; baseline 0.004 -20"><span class='ocrx_word' id='word_1_19' title='bbox 195 749 341 815; x_wconf 79' lang='lat' dir='ltr'>Peliades</span> <span class='ocrx_word' id='word_1_20' title='bbox 363 755 486 834; x_wconf 82' lang='lat' dir='ltr'>petrem</span> <span class='ocrx_word' id='word_1_21' title='bbox 507 750 745 816; x_wconf 81' lang='lat' dir='ltr'>interteeeruut.</span> 
     </span>
    </p>

    <p class='ocr_par' dir='ltr' id='par_1_3' title="bbox 240 861 516 947">
     <span class='ocr_line' id='line_1_5' title="bbox 240 861 516 947; baseline -0.004 -20"><span class='ocrx_word' id='word_1_22' title='bbox 240 861 299 947; x_wconf 87' lang='lat' dir='ltr'>IV,</span> <span class='ocrx_word' id='word_1_23' title='bbox 322 863 352 947; x_wconf 86' lang='lat'>9,</span> <span class='ocrx_word' id='word_1_24' title='bbox 376 863 516 927; x_wconf 87' lang='lat'>10-12.</span> 
     </span>
    </p>

    <p class='ocr_par' dir='ltr' id='par_1_4' title="bbox 328 975 1090 1290">
     <span class='ocr_line' id='line_1_6' title="bbox 793 975 1072 1062; baseline 0 -20"><span class='ocrx_word' id='word_1_25' title='bbox 793 975 877 1042; x_wconf 83' lang='lat' dir='ltr'>rum</span> <span class='ocrx_word' id='word_1_26' title='bbox 898 976 1072 1062; x_wconf 71' lang='lat' dir='ltr'>vulpecula</span> 
     </span>
     <span class='ocr_line' id='line_1_7' title="bbox 328 1088 965 1175; baseline -0.003 -19"><span class='ocrx_word' id='word_1_27' title='bbox 328 1091 430 1156; x_wconf 74' lang='lat' dir='ltr'>evasit</span> <span class='ocrx_word' id='word_1_28' title='bbox 453 1094 561 1175; x_wconf 87' lang='lat' dir='ltr'>putee,</span> <span class='ocrx_word' id='word_1_29' title='bbox 583 1091 663 1156; x_wconf 81' lang='lat' dir='ltr'>nixa</span> <span class='ocrx_word' id='word_1_30' title='bbox 684 1090 780 1156; x_wconf 82' lang='lat' dir='ltr'>eelsis</span> <span class='ocrx_word' id='word_1_31' title='bbox 801 1088 965 1175; x_wconf 80' lang='lat' dir='ltr'>cornibus,</span> 
     </span>
     <span class='ocr_line' id='line_1_8' title="bbox 328 1204 1090 1290; baseline 0.003 -22"><span class='ocrx_word' id='word_1_32' title='bbox 328 1204 521 1289; x_wconf 77' lang='lat' dir='ltr'>hircumque</span> <span class='ocrx_word' id='word_1_33' title='bbox 543 1204 653 1270; x_wconf 84' lang='lat' dir='ltr'>clauso</span> <span class='ocrx_word' id='word_1_34' title='bbox 675 1205 772 1290; x_wconf 87' lang='lat' dir='ltr'>liquit</span> <span class='ocrx_word' id='word_1_35' title='bbox 794 1205 977 1270; x_wconf 81' lang='lat' dir='ltr'>haerentem</span> <span class='ocrx_word' id='word_1_36' title='bbox 998 1204 1090 1270; x_wconf 82' lang='lat' dir='ltr'><strong>vado.</strong></span> 
     </span>
    </p>
   </div>
   <div class='ocr_carea' id='block_1_3' title="bbox 194 1366 1233 1908">
    <p class='ocr_par' dir='ltr' id='par_1_5' title="bbox 194 1366 1233 1795">
     <span class='ocr_line' id='line_1_9' title="bbox 240 1366 1231 1454; baseline 0.004 -23"><span class='ocrx_word' id='word_1_37' title='bbox 240 1366 422 1433; x_wconf 80' lang='lat' dir='ltr'>Verborum</span> <span class='ocrx_word' id='word_1_38' title='bbox 452 1367 558 1432; x_wconf 72' lang='lat' dir='ltr'>elatea</span> <span class='ocrx_word' id='word_1_39' title='bbox 587 1367 669 1432; x_wconf 81' lang='lat' dir='ltr'>uado</span> <span class='ocrx_word' id='word_1_40' title='bbox 700 1387 833 1434; x_wconf 80' lang='lat' dir='ltr'>sensum</span> <span class='ocrx_word' id='word_1_41' title='bbox 856 1386 924 1432; x_wconf 87' lang='lat' dir='ltr'>uon</span> <span class='ocrx_word' id='word_1_42' title='bbox 945 1367 1113 1454; x_wconf 82' lang='lat' dir='ltr'>perspicio.</span> <span class='ocrx_word' id='word_1_43' title='bbox 1141 1367 1231 1447; x_wconf 81' lang='lat' dir='ltr'>Quid</span> 
     </span>
     <span class='ocr_line' id='line_1_10' title="bbox 196 1481 1231 1568; baseline 0.004 -23"><span class='ocrx_word' id='word_1_44' title='bbox 196 1481 306 1546; x_wconf 78' lang='lat' dir='ltr'>enim?</span> <span class='ocrx_word' id='word_1_45' title='bbox 328 1482 383 1545; x_wconf 85' lang='lat' dir='ltr'>Au</span> <span class='ocrx_word' id='word_1_46' title='bbox 405 1485 541 1566; x_wconf 84' lang='lat' dir='ltr'>puteum</span> <span class='ocrx_word' id='word_1_47' title='bbox 565 1481 715 1566; x_wconf 80' lang='lat' dir='ltr'>operculo</span> <span class='ocrx_word' id='word_1_48' title='bbox 736 1481 853 1548; x_wconf 78' lang='lat' dir='ltr'>clausit</span> <span class='ocrx_word' id='word_1_49' title='bbox 875 1482 1013 1566; x_wconf 80' lang='lat' dir='ltr'>vulpes?</span> <span class='ocrx_word' id='word_1_50' title='bbox 1031 1481 1180 1568; x_wconf 85' lang='lat' dir='ltr'>Minime,</span> <span class='ocrx_word' id='word_1_51' title='bbox 1191 1488 1231 1550; x_wconf 92' lang='lat' dir='ltr'>ut</span> 
     </span>
     <span class='ocr_line' id='line_1_11' title="bbox 197 1594 1233 1682; baseline 0.005 -23"><span class='ocrx_word' id='word_1_52' title='bbox 197 1597 316 1680; x_wconf 86' lang='lat' dir='ltr'>opinor.</span> <span class='ocrx_word' id='word_1_53' title='bbox 346 1594 419 1660; x_wconf 79' lang='lat' dir='ltr'>Hoc</span> <span class='ocrx_word' id='word_1_54' title='bbox 449 1598 536 1661; x_wconf 90' lang='lat' dir='ltr'>enim</span> <span class='ocrx_word' id='word_1_55' title='bbox 567 1595 681 1681; x_wconf 80' lang='lat' dir='ltr'>agebat</span> <span class='ocrx_word' id='word_1_56' title='bbox 709 1603 748 1662; x_wconf 92' lang='lat' dir='ltr'>ut</span> <span class='ocrx_word' id='word_1_57' title='bbox 777 1599 848 1682; x_wconf 80' lang='lat' dir='ltr'>ipsu</span> <span class='ocrx_word' id='word_1_58' title='bbox 867 1597 956 1662; x_wconf 78' lang='lat' dir='ltr'>salva</span> <span class='ocrx_word' id='word_1_59' title='bbox 979 1596 1138 1682; x_wconf 79' lang='lat' dir='ltr'>evaderet,</span> <span class='ocrx_word' id='word_1_60' title='bbox 1163 1617 1233 1664; x_wconf 89' lang='lat' dir='ltr'>non</span> 
     </span>
     <span class='ocr_line' id='line_1_12' title="bbox 194 1710 525 1795; baseline 0 -20"><span class='ocrx_word' id='word_1_61' title='bbox 194 1713 233 1775; x_wconf 92' lang='lat' dir='ltr'>ut</span> <span class='ocrx_word' id='word_1_62' title='bbox 256 1728 351 1795; x_wconf 83' lang='lat' dir='ltr'>caper</span> <span class='ocrx_word' id='word_1_63' title='bbox 371 1710 525 1775; x_wconf 81' lang='lat' dir='ltr'>interiret</span> 
     </span>
    </p>

    <p class='ocr_par' dir='ltr' id='par_1_6' title="bbox 240 1822 485 1908">
     <span class='ocr_line' id='line_1_13' title="bbox 240 1822 485 1908; baseline -0.004 -21"><span class='ocrx_word' id='word_1_64' title='bbox 240 1822 298 1908; x_wconf 88' lang='lat' dir='ltr'>IV,</span> <span class='ocrx_word' id='word_1_65' title='bbox 323 1823 375 1906; x_wconf 83' lang='lat'>17,</span> <span class='ocrx_word' id='word_1_66' title='bbox 397 1825 417 1886; x_wconf 83' lang='lat'><strong><em>2</em></strong></span> <span class='ocrx_word' id='word_1_67' title='bbox 438 1843 485 1908; x_wconf 87' lang='lat' dir='ltr'>sq.</span> 
     </span>
    </p>
   </div>
   <div class='ocr_carea' id='block_1_4' title="bbox 327 1984 1123 2185">
    <p class='ocr_par' dir='ltr' id='par_1_7' title="bbox 327 1984 1123 2185">
     <span class='ocr_line' id='line_1_14' title="bbox 327 1984 1001 2070; baseline 0.003 -20"><span class='ocrx_word' id='word_1_68' title='bbox 327 1984 419 2050; x_wconf 81' lang='lat' dir='ltr'>Hirci</span> <span class='ocrx_word' id='word_1_69' title='bbox 440 1989 618 2051; x_wconf 85' lang='lat' dir='ltr'>maerentes</span> <span class='ocrx_word' id='word_1_70' title='bbox 640 1985 801 2070; x_wconf 83' lang='lat' dir='ltr'>indignari</span> <span class='ocrx_word' id='word_1_71' title='bbox 827 1989 1001 2070; x_wconf 86' lang='lat' dir='ltr'>coeperunt</span> 
     </span>
     <span class='ocr_line' id='line_1_15' title="bbox 332 2098 1123 2185; baseline -0.001 -20"><span class='ocrx_word' id='word_1_72' title='bbox 332 2100 420 2184; x_wconf 88' lang='lat' dir='ltr'>quod</span> <span class='ocrx_word' id='word_1_73' title='bbox 442 2101 630 2185; x_wconf 84' lang='lat' dir='ltr'>dignitatem</span> <span class='ocrx_word' id='word_1_74' title='bbox 653 2098 791 2164; x_wconf 84' lang='lat' dir='ltr'>feminae</span> <span class='ocrx_word' id='word_1_75' title='bbox 812 2106 1001 2182; x_wconf 69' lang='lat' dir='ltr'>aequassent</span> <span class='ocrx_word' id='word_1_76' title='bbox 1022 2120 1123 2166; x_wconf 70' lang='lat' dir='ltr'>mm.</span> 
     </span>
    </p>
   </div>
   <div class='ocr_carea' id='block_1_5' title="bbox 197 2259 1232 2804">
    <p class='ocr_par' dir='ltr' id='par_1_8' title="bbox 197 2259 1232 2804">
     <span class='ocr_line' id='line_1_16' title="bbox 241 2259 1232 2344; baseline 0.006 -20"><span class='ocrx_word' id='word_1_77' title='bbox 241 2259 430 2344; x_wconf 79' lang='lat' dir='ltr'>Praestaret‚</span> <span class='ocrx_word' id='word_1_78' title='bbox 463 2265 501 2326; x_wconf 89' lang='lat' dir='ltr'>ut</span> <span class='ocrx_word' id='word_1_79' title='bbox 536 2261 658 2344; x_wconf 88' lang='lat' dir='ltr'>opinor,</span> <span class='ocrx_word' id='word_1_80' title='bbox 691 2263 854 2342; x_wconf 78' lang='lat' dir='ltr'>aequasset</span> <span class='ocrx_word' id='word_1_81' title='bbox 886 2280 980 2343; x_wconf 69' lang='lat' dir='ltr'>setae3</span> <span class='ocrx_word' id='word_1_82' title='bbox 1016 2261 1114 2327; x_wconf 78' lang='lat' dir='ltr'>barbe</span> <span class='ocrx_word' id='word_1_83' title='bbox 1139 2263 1232 2330; x_wconf 90' lang='lat' dir='ltr'>euim</span> 
     </span>
     <span class='ocr_line' id='line_1_17' title="bbox 197 2372 1231 2459; baseline 0.005 -22"><span class='ocrx_word' id='word_1_84' title='bbox 197 2372 327 2456; x_wconf 82' lang='lat' dir='ltr'>capellis</span> <span class='ocrx_word' id='word_1_85' title='bbox 362 2372 442 2438; x_wconf 81' lang='lat' dir='ltr'>duta</span> <span class='ocrx_word' id='word_1_86' title='bbox 477 2373 600 2459; x_wconf 86' lang='lat' dir='ltr'>Iupiter</span> <span class='ocrx_word' id='word_1_87' title='bbox 635 2374 822 2459; x_wconf 80' lang='lat' dir='ltr'>dignitatem</span> <span class='ocrx_word' id='word_1_88' title='bbox 856 2372 1048 2440; x_wconf 82' lang='lat' dir='ltr'>feminarum</span> <span class='ocrx_word' id='word_1_89' title='bbox 1082 2377 1231 2442; x_wconf 83' lang='lat' dir='ltr'>murium</span> 
     </span>
     <span class='ocr_line' id='line_1_18' title="bbox 198 2486 1232 2572; baseline 0.005 -21"><span class='ocrx_word' id='word_1_90' title='bbox 198 2491 389 2571; x_wconf 80' lang='lat' dir='ltr'>aequaverat</span> <span class='ocrx_word' id='word_1_91' title='bbox 425 2487 580 2572; x_wconf 86' lang='lat' dir='ltr'>dignitati.</span> <span class='ocrx_word' id='word_1_92' title='bbox 617 2486 709 2553; x_wconf 82' lang='lat' dir='ltr'>Certe</span> <span class='ocrx_word' id='word_1_93' title='bbox 744 2488 830 2572; x_wconf 87' lang='lat' dir='ltr'>quod</span> <span class='ocrx_word' id='word_1_94' title='bbox 858 2487 1016 2554; x_wconf 84' lang='lat' dir='ltr'>Miillerus</span> <span class='ocrx_word' id='word_1_95' title='bbox 1040 2488 1232 2558; x_wconf 71' lang='lat' dir='ltr'>dubitanter</span> 
     </span>
     <span class='ocr_line' id='line_1_19' title="bbox 198 2600 1229 2683; baseline 0.009 -19"><span class='ocrx_word' id='word_1_96' title='bbox 198 2602 335 2666; x_wconf 80' lang='lat' dir='ltr'>coniecit</span> <span class='ocrx_word' id='word_1_97' title='bbox 358 2600 478 2683; x_wconf 64' lang='lat' dir='ltr'>faniau</span> <span class='ocrx_word' id='word_1_98' title='bbox 499 2608 663 2683; x_wconf 75' lang='lat' dir='ltr'>aequasset</span> <span class='ocrx_word' id='word_1_99' title='bbox 683 2622 776 2667; x_wconf 85' lang='lat' dir='ltr'>suam</span> <span class='ocrx_word' id='word_1_100' title='bbox 793 2602 911 2669; x_wconf 81' lang='lat' dir='ltr'>falsum</span> <span class='ocrx_word' id='word_1_101' title='bbox 930 2603 1075 2669; x_wconf 84' lang='lat' dir='ltr'>videtur:</span> <span class='ocrx_word' id='word_1_102' title='bbox 1089 2608 1229 2673; x_wconf 87' lang='lat' dir='ltr'>eoenim</span> 
     </span>
     <span class='ocr_line' id='line_1_20' title="bbox 198 2714 1227 2804; baseline 0.006 -24"><span class='ocrx_word' id='word_1_103' title='bbox 198 2732 304 2799; x_wconf 84' lang='lat' dir='ltr'>sensu,</span> <span class='ocrx_word' id='word_1_104' title='bbox 328 2734 425 2798; x_wconf 89' lang='lat' dir='ltr'>quem</span> <span class='ocrx_word' id='word_1_105' title='bbox 445 2714 602 2780; x_wconf 77' lang='lat' dir='ltr'>Millerus</span> <span class='ocrx_word' id='word_1_106' title='bbox 615 2716 685 2782; x_wconf 79' lang='lat' dir='ltr'>vult</span> <span class='ocrx_word' id='word_1_107' title='bbox 703 2718 879 2791; x_wconf 87' lang='lat' dir='ltr'>restituere,</span> <span class='ocrx_word' id='word_1_108' title='bbox 890 2721 1039 2800; x_wconf 72' lang='lat' dir='ltr'>aequaret</span> <span class='ocrx_word' id='word_1_109' title='bbox 1048 2719 1227 2804; x_wconf 86' lang='lat' dir='ltr'>legendum</span> 
     </span>
    </p>
   </div>
   <div class='ocr_carea' id='block_1_6' title="bbox 197 2831 578 3024">
    <p class='ocr_par' dir='ltr' id='par_1_9' title="bbox 197 2831 578 3024">
     <span class='ocr_line' id='line_1_21' title="bbox 197 2831 578 2912; baseline 0.003 -19"><span class='ocrx_word' id='word_1_110' title='bbox 197 2831 290 2911; x_wconf 77' lang='lat' dir='ltr'>esset,</span> <span class='ocrx_word' id='word_1_111' title='bbox 315 2847 381 2892; x_wconf 90' lang='lat' dir='ltr'>non</span> <span class='ocrx_word' id='word_1_112' title='bbox 407 2831 578 2912; x_wconf 79' lang='lat' dir='ltr'>aequasset.</span> 
     </span>
     <span class='ocr_line' id='line_1_22' title="bbox 240 2928 493 3024; baseline 0.008 -21"><span class='ocrx_word' id='word_1_113' title='bbox 240 2938 298 3024; x_wconf 88' lang='lat' dir='ltr'>IV,</span> <span class='ocrx_word' id='word_1_114' title='bbox 320 2928 374 3023; x_wconf 81' lang='grc'>19,</span> <span class='ocrx_word' id='word_1_115' title='bbox 399 2940 493 3005; x_wconf 89' lang='grc'><strong>1-3.</strong></span> 
     </span>
    </p>
   </div>
   <div class='ocr_carea' id='block_1_7' title="bbox 330 3101 1045 3416">
    <p class='ocr_par' dir='ltr' id='par_1_10' title="bbox 330 3101 1045 3416">
     <span class='ocr_line' id='line_1_23' title="bbox 331 3101 1014 3189; baseline 0.012 -23"><span class='ocrx_word' id='word_1_116' title='bbox 331 3101 433 3168; x_wconf 80' lang='lat' dir='ltr'>(lanes</span> <span class='ocrx_word' id='word_1_117' title='bbox 456 3103 577 3189; x_wconf 83' lang='lat' dir='ltr'>legatos</span> <span class='ocrx_word' id='word_1_118' title='bbox 602 3104 678 3169; x_wconf 90' lang='lat' dir='ltr'>olim</span> <span class='ocrx_word' id='word_1_119' title='bbox 701 3106 817 3171; x_wconf 86' lang='lat' dir='ltr'>misere</span> <span class='ocrx_word' id='word_1_120' title='bbox 840 3107 881 3172; x_wconf 85' lang='lat' dir='ltr'>ad</span> <span class='ocrx_word' id='word_1_121' title='bbox 903 3107 1014 3175; x_wconf 85' lang='lat' dir='ltr'>Iovem</span> 
     </span>
     <span class='ocr_line' id='line_1_24' title="bbox 330 3216 992 3307; baseline 0.012 -27"><span class='ocrx_word' id='word_1_122' title='bbox 330 3216 462 3281; x_wconf 77' lang='lat' dir='ltr'>meliore</span> <span class='ocrx_word' id='word_1_123' title='bbox 484 3218 569 3283; x_wconf 80' lang='lat' dir='ltr'>vitae</span> <span class='ocrx_word' id='word_1_124' title='bbox 591 3222 733 3303; x_wconf 84' lang='lat' dir='ltr'>tempora</span> <span class='ocrx_word' id='word_1_125' title='bbox 756 3223 881 3286; x_wconf 87' lang='lat' dir='ltr'>oratum</span> <span class='ocrx_word' id='word_1_126' title='bbox 905 3241 992 3307; x_wconf 79' lang='lat' dir='ltr'>suae,</span> 
     </span>
     <span class='ocr_line' id='line_1_25' title="bbox 331 3332 1045 3416; baseline 0.011 -23"><span class='ocrx_word' id='word_1_127' title='bbox 331 3334 368 3393; x_wconf 88' lang='lat' dir='ltr'>ut</span> <span class='ocrx_word' id='word_1_128' title='bbox 390 3348 461 3395; x_wconf 85' lang='lat' dir='ltr'>sese</span> <span class='ocrx_word' id='word_1_129' title='bbox 484 3332 618 3416; x_wconf 86' lang='lat' dir='ltr'>eriperet</span> <span class='ocrx_word' id='word_1_130' title='bbox 639 3333 807 3399; x_wconf 90' lang='lat' dir='ltr'>hominum</span> <span class='ocrx_word' id='word_1_131' title='bbox 830 3336 1045 3403; x_wconf 82' lang='lat' dir='ltr'>contumeliis.</span> 
     </span>
    </p>
   </div>
   <div class='ocr_carea' id='block_1_8' title="bbox 242 3476 982 3570">
    <p class='ocr_par' dir='ltr' id='par_1_11' title="bbox 242 3476 982 3570">
     <span class='ocr_line' id='line_1_26' title="bbox 242 3476 982 3570; baseline 0.016 -31"><span class='ocrx_word' id='word_1_132' title='bbox 242 3476 366 3544; x_wconf 82' lang='lat' dir='ltr'>Versus</span> <span class='ocrx_word' id='word_1_133' title='bbox 390 3481 410 3542; x_wconf 84' lang='lat'>2</span> <span class='ocrx_word' id='word_1_134' title='bbox 434 3485 465 3545; x_wconf 87' lang='lat' dir='ltr'>et</span> <span class='ocrx_word' id='word_1_135' title='bbox 489 3481 508 3543; x_wconf 88' lang='grc'><strong>3</strong></span> <span class='ocrx_word' id='word_1_136' title='bbox 532 3482 628 3546; x_wconf 87' lang='lat' dir='ltr'>simul</span> <span class='ocrx_word' id='word_1_137' title='bbox 651 3482 727 3547; x_wconf 88' lang='lat' dir='ltr'>ferri</span> <span class='ocrx_word' id='word_1_138' title='bbox 749 3504 815 3548; x_wconf 90' lang='lat' dir='ltr'>non</span> <span class='ocrx_word' id='word_1_139' title='bbox 838 3491 982 3570; x_wconf 83' lang='lat' dir='ltr'>possunt</span> 
     </span>
    </p>
   </div>
   <div class='ocr_carea' id='block_1_9' title="bbox 199 3590 1229 3787">
    <p class='ocr_par' dir='ltr' id='par_1_12' title="bbox 199 3590 1229 3787">
     <span class='ocr_line' id='line_1_27' title="bbox 242 3590 1229 3680; baseline 0.016 -27"><span class='ocrx_word' id='word_1_140' title='bbox 242 3590 299 3674; x_wconf 89' lang='lat' dir='ltr'>IV,</span> <span class='ocrx_word' id='word_1_141' title='bbox 331 3595 381 3656; x_wconf 88' lang='lat'>25.</span> <span class='ocrx_word' id='word_1_142' title='bbox 409 3592 521 3658; x_wconf 79' lang='lat' dir='ltr'>Musca</span> <span class='ocrx_word' id='word_1_143' title='bbox 543 3615 577 3660; x_wconf 89' lang='lat' dir='ltr'>se</span> <span class='ocrx_word' id='word_1_144' title='bbox 600 3615 756 3680; x_wconf 84' lang='lat' dir='ltr'>suamque</span> <span class='ocrx_word' id='word_1_145' title='bbox 779 3603 896 3663; x_wconf 88' lang='lat' dir='ltr'>sortem</span> <span class='ocrx_word' id='word_1_146' title='bbox 921 3600 971 3664; x_wconf 84' lang='lat' dir='ltr'>hie</span> <span class='ocrx_word' id='word_1_147' title='bbox 994 3600 1143 3667; x_wconf 86' lang='lat' dir='ltr'>versibus</span> <span class='ocrx_word' id='word_1_148' title='bbox 1169 3623 1229 3670; x_wconf 85' lang='lat' dir='ltr'>ex-</span> 
     </span>
     <span class='ocr_line' id='line_1_28' title="bbox 199 3703 430 3787; baseline 0.017 -21"><span class='ocrx_word' id='word_1_149' title='bbox 199 3703 282 3768; x_wconf 78' lang='lat' dir='ltr'>tollit</span> <span class='ocrx_word' id='word_1_150' title='bbox 305 3707 430 3787; x_wconf 72' lang='lat' dir='ltr'>(5-s):</span> 
     </span>
    </p>
   </div>
   <div class='ocr_carea' id='block_1_10' title="bbox 0 0 1346 4290">
    <p class='ocr_par' dir='ltr' id='par_1_13' title="bbox 0 0 1346 4290">
     <span class='ocr_line' id='line_1_29' title="bbox 0 0 1346 4290; baseline 0 0"><span class='ocrx_word' id='word_1_151' title='bbox 0 0 1346 4290; x_wconf 95' lang='lat' dir='ltr'> </span> 
     </span>
    </p>
   </div>
  </div>
 </body>
</html>
