2676 4290
700 347 763 411 120

257 531 367 598 Sicine
390 535 489 598 vero?
512 532 600 598 Num
623 533 696 598 ideo
721 533 881 599 silendum
904 537 954 598 est
976 533 1173 600 iactabundo
1199 537 1247 600 illi

215 652 247 712 et
270 647 474 712 condendum
495 647 616 712 ferrum
641 653 677 711 ut
697 648 777 712 alios
795 647 905 713 fallere
916 648 1042 732 possit?
1062 649 1108 712 At
1121 652 1247 734 magni·

213 761 378 845 loquentia
412 764 443 826 et
476 760 582 846 gladio
614 761 798 845 stringendo
829 761 944 826 falsam
975 763 1115 846 speciem
1150 763 1246 828 fortis

214 876 276 938 riri
307 876 413 939 sumit.
444 874 633 940 Rectissime
660 877 767 940 omnia
785 876 957 961 procedent
979 877 1008 941 si
1029 879 1247 962 interpunxe-

214 989 317 1052 rimus
336 993 410 1072 post
426 987 556 1072 fatalem,
576 989 802 1074 virgulamque
811 995 884 1074 post
894 989 1008 1073 fallere
1017 991 1245 1074 posuerimus:

219 1102 313 1184 ,licet
343 1100 422 1166 alios
453 1103 510 1186 qui
540 1107 572 1166 te
602 1103 751 1187 ignorant
774 1101 876 1187 fallas,
899 1108 932 1167 at
953 1104 1033 1167 mihi
1056 1105 1158 1170 semel
1181 1106 1249 1170 iam

214 1217 377 1301 ignaviam
400 1221 490 1280 tuam
515 1222 645 1300 experto
669 1236 736 1281 non
758 1218 904 1302 impones
926 1216 1074 1282 iterum.''

259 1329 300 1414 V,
331 1330 360 1414 3,
392 1331 421 1393 2.
452 1328 540 1394 Num
570 1334 655 1394 recte
679 1330 797 1414 aliquis
822 1329 885 1395 dici
906 1331 1008 1416 possit
1031 1329 1093 1396 sibi
1118 1331 1249 1416 alapam

215 1443 326 1508 ducere
348 1444 553 1509 vehementer
576 1443 697 1508 dubito.

260 1556 354 1641 V,5,
379 1558 429 1621 12.

353 1707 456 1772 Paulo
479 1711 553 1772 ante
575 1727 678 1772 vacua
701 1706 829 1772 turbam
853 1707 1007 1773 deficiunt
1027 1708 1104 1773 loca

263 1844 348 1923 Quid
380 1846 442 1910 hoc
475 1864 572 1910 versu
601 1845 716 1911 faciam
747 1845 1248 1933 nescio.Requi1iturhicfere

219 1981 354 2028 sensus:
383 1961 459 2044 ,diu
478 1965 551 2026 ante
572 1960 745 2045 spectaculi
764 1966 892 2047 tempus
904 1962 969 2025 iam
981 1961 1050 2026 loca
1062 1961 1251 2029 deficiunt’'

260 2075 406 2162 Append
428 2074 470 2160 Π,
494 2077 512 2138 3
536 2094 582 2159 sq.

349 2224 433 2290 Nam
456 2227 572 2289 cuncta
594 2224 688 2289 nobis
711 2223 908 2289 attribuisset
931 2223 1098 2289 commoda

349 2359 432 2424 quae
455 2340 507 2403 cui
531 2339 674 2404 Fortuna
695 2338 868 2423 indulgens
892 2339 1023 2403 animali
1046 2338 1142 2403 dedit.

260 2477 376 2543 Nonne
405 2497 463 2563 pro
494 2474 546 2542 cui
572 2497 653 2563 opus
684 2482 732 2542 est
754 2478 943 2560 pronomine
964 2476 1097 2558 urique?
1122 2475 1250 2554 Quidni

217 2613 291 2679 ergo
313 2595 459 2679 legamus

349 2749 432 2814 quae
456 2731 574 2814 cuique
595 2729 675 2794 Fors
698 2728 871 2814 indulgens
894 2728 1025 2793 animali
1048 2727 1144 2793 dedit

259 2872 300 2937 ib.
327 2872 368 2935 13
393 2891 439 2956 sq.

347 3008 466 3074 Fatalis
491 3028 593 3073 annos
617 3009 824 3074 decurramus
846 3008 998 3093 temporis

347 3144 408 3190 nec
431 3125 504 3209 plus
527 3142 681 3188 conemur
704 3143 802 3208 quam
826 3124 903 3188 sinit
923 3123 1106 3187 mortalitas.

260 3264 420 3329 Ultimum
450 3283 581 3329 versum
611 3263 769 3348 improbat
798 3263 966 3328 Nauckius
989 3267 1020 3326 et
1041 3262 1172 3327 uncinis
1194 3263 1248 3328 in-

215 3379 328 3461 clusit;
361 3378 494 3443 minime
517 3383 624 3442 tamen
647 3376 877 3463 improbandus
899 3377 1042 3441 videtur:
1065 3375 1249 3440 mortalitas

216 3494 302 3557 enim
334 3492 454 3557 dictum
489 3496 537 3557 est
568 3511 666 3557 sensu
697 3496 748 3556 τοῦ
781 3490 898 3565 θνητοὺς
921 3490 1003 3568 ἡμᾶς
1026 3488 1186 3573 γεγονέναι,
1210 3497 1250 3555 ut

215 3605 391 3689 prudenter
409 3625 460 3670 me
484 3607 633 3671 admonet
655 3607 704 3668 vir
729 3605 841 3669 doctus
864 3611 896 3670 et
918 3607 1041 3670 amicus
1064 3625 1093 3668 r.
1114 3603 1143 3668 d.
1166 3603 1245 3686 Mey

214 3719 405 3783 conferendo
429 3740 475 3785 vs.
500 3721 538 3784 ll
564 3726 673 3783 nostra
695 3718 837 3782 sadada.
