2676 4290
684 350 747 416 102

202 539 279 604 dum
302 542 446 623 paterent
469 543 501 605 et
522 538 557 602 in
580 539 657 603 limo
680 539 910 604 delitescerent.
935 537 997 604 Sed
1020 538 1232 604 nullomodo

202 670 273 717 eam
303 655 517 719 narrationem
544 672 562 718 e
584 653 722 719 Phaedri
743 652 852 718 rerbis
874 654 1042 719 extrahere
1065 657 1231 739 poteram:

200 768 348 833 videbam
371 770 457 834 enim
479 768 565 853 apud
586 768 680 833 illum
702 768 779 833 limo
802 769 991 833 immersum
1011 767 1147 853 liparam,
1166 787 1233 833 non

200 901 319 964 raaas3
359 881 455 946 verba
489 901 565 967 ergo
600 884 670 947 eius
704 884 751 947 ita
785 882 970 967 accipienda
1004 881 1162 967 putabam
1194 886 1233 948 ut

201 994 324 1081 Iupiter
354 995 513 1062 diceretur
542 996 667 1081 lignum
698 995 735 1060 ia
762 989 869 1076 ripum
891 995 1018 1082 paludis
1043 997 1233 1081 coniecisse,

200 1112 444 1195 genitivumque
481 1110 556 1176 cadi
585 1130 660 1176 oum
691 1110 893 1177 substantivo
919 1131 1017 1194 penus
1045 1112 1232 1196 iungebam.

201 1222 315 1308 Neque
345 1229 451 1289 tammr
474 1223 617 1309 fugiebat
639 1243 690 1291 me
714 1244 811 1308 quam
835 1229 980 1289 contorta
1003 1243 1042 1290 ea
1064 1229 1154 1290 esset
1177 1245 1234 1290 ex·

200 1338 338 1422 plicatio.
380 1336 498 1403 Laetus
539 1337 719 1421 lubensque
753 1357 829 1423 ergo
861 1338 1000 1403 Bentleii
1035 1338 1234 1423 arripiebam

202 1452 456 1518 emendationem

333 1605 502 1670 immersae
523 1603 600 1668 limo
624 1623 726 1687 quum
749 1604 888 1669 iacerent
910 1603 1032 1669 diutim

200 1764 266 1830 qua
299 1744 403 1808 omnis
436 1742 506 1808 tolli
540 1743 686 1808 molestia
721 1743 889 1807 videretur.
924 1741 987 1808 Sed
1015 1760 1051 1808 re
1081 1748 1233 1810 accurate

199 1876 355 1942 perpensa
382 1857 473 1921 nulla
497 1856 718 1921 emendatione
741 1875 822 1940 opus
846 1875 917 1921 esse
939 1854 1104 1920 videbam:
1132 1876 1232 1941 quem

199 1973 285 2038 enim
309 1990 441 2036 sensum
462 1970 630 2036 Bentlaius
652 1971 793 2036 restituit
811 1972 840 2035 is
858 1971 924 2035 iam
946 1969 1031 2055 apud
1043 1969 1231 2038 Phaedrum

199 2087 326 2171 legitur,
358 2086 415 2171 qui
445 2085 523 2150 satie
553 2086 660 2169 inepte
691 2085 744 2149 bic
774 2086 963 2169 pronomine
985 2082 1040 2149 boc
1062 2104 1146 2152 usus
1172 2091 1230 2171 est,

200 2201 287 2286 quod
313 2200 384 2266 fieri
414 2202 472 2264 vix
500 2204 606 2285 potest
637 2202 718 2285 quin
740 2201 842 2265 lector
865 2199 905 2264 ad
928 2198 1168 2265 substantivum
1190 2203 1229 2266 e·-

112 2345 113 2350 1
195 2315 307 2399 pallum
335 2312 537 2380 referendum
568 2317 666 2399 putet.
697 2312 773 2378 Non
803 2330 878 2397 ergo
901 2311 1022 2376 librarii
1045 2312 1102 2377 sed
1124 2313 1229 2398 ipsius

199 2429 338 2495 Phaedri
360 2447 499 2494 errorem
523 2427 664 2492 correxit
687 2426 863 2511 Boudeion,
896 2445 1003 2511 neque
1026 2429 1097 2492 eius
1120 2446 1227 2493 emen-

201 2543 324 2608 dationi
356 2541 534 2627 quidquam
565 2544 613 2606 est
644 2538 781 2605 subsidii
803 2541 839 2603 in
861 2539 1028 2620 Anonymi
1049 2539 1228 2606 Nilantiani

197 2658 323 2739 verbis3
358 2676 478 2721 macae
510 2654 582 2720 timo
615 2674 712 2740 quum
743 2653 877 2719 laterent
910 2653 1038 2719 dictiue.
1072 2654 1106 2720 Ie
1142 2658 1227 2722 enim

200 2790 326 2856 semper
349 2769 435 2854 quod
459 2772 589 2854 aposta
608 2768 703 2853 paulo
724 2767 893 2832 obscurius
906 2768 1070 2852 pauloque
1083 2771 1226 2836 ornatius

199 2888 321 2951 dictum
353 2889 401 2949 est
432 2903 529 2967 quam
560 2881 796 2966 simplicissime
827 2882 981 2946 enuntiat
1008 2880 1100 2947 Dabo
1123 2904 1226 2968 pauca

199 3000 346 3084 exempla
368 3016 450 3083 quae
470 3016 544 3062 cum
562 2996 622 3060 hac
639 3015 736 3061 causa
747 2996 888 3080 aliquam
900 2995 1019 3060 habent
1030 2995 1224 3064 affinitatem.

373 3147 504 3212 Phaed'u
979 3144 1099 3210 Nilant

150 3279 176 3363 Ι,
200 3281 229 3362 3,
254 3278 304 3341 10.
328 3274 432 3341 redire
455 3290 602 3338 moerens
625 3273 737 3357 coepit.
827 3271 923 3336 rediit
944 3289 1100 3336 moerens.

30 3455 33 3462 ,
150 3393 176 3476 Ι,
202 3395 231 3476 2,
256 3394 306 3456 12.
332 3391 389 3475 qui
429 3387 602 3453 dissolutos
633 3405 739 3452 mores
830 3388 887 3471 qui
918 3404 1023 3450 mores
1054 3403 1165 3451 eorum
1190 3401 1262 3450 com·

386 3504 609 3586 compesceret.
876 3502 1025 3583 pasceret.

153 3617 179 3682 I.
206 3619 234 3701 1,
259 3618 287 3681 3.
332 3620 403 3680 tum
425 3615 518 3681 fauce
539 3611 685 3698 improba
825 3612 918 3677 fauce
941 3611 1085 3697 improba
1104 3613 1185 3679 latro
1196 3609 1260 3677 inci·

153 3731 233 3796 latro
253 3731 403 3794 incitatus
416 3730 514 3814 iurgii
526 3746 655 3792 oausam
667 3726 784 3792 intulit.
829 3731 917 3792 tatus
939 3728 1043 3810 iurgio
1068 3727 1159 3793 dixit.
