2676 4290
627 339 668 402 61

129 523 231 590 Haud
265 529 371 591 tamen
405 526 487 592 levis
524 531 573 592 est
607 526 827 611 discrepantia,
859 543 943 610 quae
977 504 1083 609 qualis
1120 525 1162 590 sit

131 658 211 703 mox
234 639 346 704 dicam.

174 750 314 817 Transeo
348 771 438 817 nunc
469 752 509 817 ad
532 771 586 817 eas
608 752 744 837 fabulas,
772 770 854 838 quae
877 751 964 837 apud
987 755 1162 835 utrumque

128 869 335 958 praeceptum
357 864 476 930 habent
494 865 639 931 eiusdem
657 866 710 931 vel
729 865 796 931 fere
808 865 953 930 eiusdem
965 864 1156 948 argumenti.

129 976 276 1044 Primum
309 979 458 1044 indicabo
487 999 541 1044 eas
570 978 705 1062 fabulae,
730 1000 868 1064 quarum
891 984 1059 1065 praecepta
1081 979 1158 1043 licet

128 1091 215 1157 idem
250 1096 401 1158 moneant
435 1098 542 1159 tamen
577 1093 664 1178 quod
694 1094 735 1159 ad
763 1093 901 1159 formam
926 1094 1040 1159 attinet
1062 1092 1159 1177 lenge

130 1207 216 1270 inter
238 1224 274 1270 se
298 1204 426 1271 dietant

177 1317 211 1383 L
245 1318 305 1403 HJ,
340 1320 368 1384 3.
398 1318 623 1385 Narrationem
657 1321 742 1406 apud
774 1320 957 1386 Phaedrum
989 1321 1023 1384 hi
1047 1339 1160 1386 versus

131 1432 343 1517 praecedunt:

266 1594 338 1661 Usu
361 1597 484 1681 peritus
506 1597 630 1662 hariolo
654 1599 799 1662 veracior

265 1708 364 1793 vulgo
388 1727 458 1774 ease
479 1708 590 1793 fertur,
612 1729 710 1776 causa
734 1711 878 1777 sednon
903 1711 1030 1795 dicitur,

267 1826 410 1888 notescet
432 1842 515 1908 quae
537 1843 626 1889 nunc
647 1826 790 1910 primum
812 1823 928 1891 fabella
950 1844 1030 1891 mea

176 1983 255 2051 Fere
277 1985 362 2050 idem
386 1991 436 2051 eat
457 1991 683 2072 argumentum
706 1989 866 2072 praecepti
886 1986 1053 2066 Perottini,
1074 1987 1162 2072 quod

129 2101 244 2185 paucis
275 2100 556 2185 comprehenditur
585 2101 769 2168 vocabulis:
794 2102 914 2167 ratione
929 2104 1038 2187 potius
1061 2122 1156 2189 quum

130 2213 268 2278 oraculis
287 2211 449 2296 effandum.

173 2326 208 2391 L
237 2327 297 2412 111,
328 2329 357 2393 6.
387 2329 516 2395 Perotto
549 2330 656 2396 docet:
689 2349 789 2395 eunus
818 2330 921 2397 minue
953 2331 1019 2396 uae
1042 2331 1156 2397 uineta

126 2461 245 2524 purum
278 2445 424 2508 rumenti
452 2443 570 2509 habere.
601 2443 739 2510 Duobus
766 2445 915 2511 versibus
939 2447 999 2511 hoa
1022 2447 1161 2513 traditur

129 2562 338 2641 praeceptum
360 2558 447 2643 apud
465 2557 669 2624 Phaedrum:

264 2720 335 2786 Hac
359 2723 497 2788 derideri
518 2722 628 2789 fabula
651 2727 764 2790 merito
788 2730 903 2810 potest,

265 2836 322 2920 qui
345 2837 416 2901 aine
438 2837 557 2903 virtute
579 2858 679 2903 vanae
704 2843 831 2905 exercet
855 2840 970 2905 minas.

174 2996 209 3063 In
227 2997 287 3082 m,
308 2999 336 3063 7.
355 2999 455 3085 Apud
473 3000 656 3066 Phaedrum
677 3000 875 3068 haecfabula
886 3004 1001 3088 incipit
1013 3023 1032 3067 a
1044 3021 1159 3069 versu:

264 3161 369 3240 Quam
393 3164 496 3230 dulcis
520 3167 562 3231 sit
584 3164 715 3232 libertae
739 3166 880 3233 breviter
902 3168 1086 3253 proloquar.

174 3326 301 3393 Perotto
322 3330 513 3395 sententiam
532 3329 628 3395 habet
646 3331 848 3417 inscriptioni
861 3352 960 3417 quam
972 3332 1155 3417 promythio
1173 3299 1175 3304 *

129 3440 333 3508 similiorem:
359 3463 455 3526 quum
478 3443 580 3508 dulce
603 3445 646 3509 sit
668 3444 800 3511 libertae.

173 3553 207 3618 Ia
226 3555 284 3640 IV,
299 3557 350 3621 23.
368 3556 468 3642 Apud
478 3557 661 3624 Phaedrum
673 3560 734 3624 hoc
746 3559 902 3625 habemus
913 3560 1153 3645 promythium:

262 3718 369 3786 Homo
393 3721 507 3788 doctus
528 3724 563 3787 in
587 3741 622 3788 se
646 3741 773 3808 semper
796 3722 924 3789 divitiae
947 3722 1051 3789 habet.
