2676 4290
521 308 688 370 ’94

152 491 244 557 δοῦπον
277 497 332 564 τῆς
363 496 474 572 τροφῆς
505 487 524 572 ᾖ
553 491 607 556 ml
637 491 714 564 udalr
743 490 894 573 τρέφεται,
923 491 973 556 καὶ
1004 491 1059 556 σὺν
1082 494 1191 573 πολλῷ

151 603 227 685 πόνῳ
257 604 445 680 διενεγκοῦσα
473 602 527 667 καὶ
558 609 686 669 τεκοῦσαι
716 603 817 685 τρέφεν
846 629 881 669 πε
903 603 957 668 καὶ
981 605 1190 682 ἐπιμελεῖται,

151 716 217 781 οὔτε
246 719 461 798 προπεπονθυῖα
489 718 570 782 οὐδὲν
600 719 713 795 ἀγαθὸν
740 716 806 782 οὔτε
828 722 990 797 γιγνῶσκον
1012 719 1046 782 πὸ
1072 717 1191 800 βρέφος

152 829 272 913 ὑφ’ἵπου
295 825 328 895 εὖ
349 830 467 911 ποὶνχεν
487 832 553 896 οὐδὲ
575 832 728 910 πημαίνειν
751 830 911 910 δυνάμενον
932 828 998 896 ὅπου
1021 832 1131 899 δεῖπνον.

197 947 257 1032 nn
282 949 334 1032 18,
357 950 386 1012 3.

287 1123 376 1188 Pavo
399 1122 440 1188 ad
462 1123 622 1188 Iunonem
645 1123 734 1188 venit
756 1124 889 1209 indigne
910 1121 1018 1188 ferens

286 1243 401 1302 cantus
423 1237 554 1302 luscinii
577 1236 665 1322 quod
688 1236 749 1302 sibi
772 1257 839 1302 non
862 1237 1028 1318 tribuerit3

286 1351 380 1415 illum
403 1370 473 1416 esse
493 1353 619 1416 eunetis
632 1350 776 1416 ‘auribus
798 1349 1028 1433 admirabilem,

289 1483 324 1530 se
346 1465 484 1529 derideri
507 1465 606 1529 simul
629 1485 666 1530 ae
688 1484 800 1529 vocem
823 1449 956 1528 miserit.

198 1625 344 1692 Bentleio
375 1633 504 1693 auctore
525 1627 685 1694 Miillerus
708 1628 807 1693 edidit
830 1627 940 1692 avibus
961 1646 1020 1712 pro
1044 1625 1214 1691 numm·

153 1740 216 1806 Sed
246 1761 311 1805 non
343 1741 448 1807 solum
473 1762 550 1809 aves
573 1743 744 1807 lusciniam
769 1743 978 1825 admirantur,
1000 1761 1128 1824 verum,
1154 1741 1189 1806 id

156 1856 244 1939 quod
265 1858 383 1940 pavoni
403 1857 505 1921 multo
524 1876 595 1923 esse
616 1858 782 1922 molestius
795 1856 896 1940 debet,
909 1857 1055 1921 hemines
1068 1858 1187 1939 etiam3
1219 1920 1221 1922 ,

156 1972 188 2033 et
205 1971 288 2053 perit
307 1969 446 2034 Bentleii
463 1971 600 2034 lectione
619 1989 656 2034 ea
675 1990 749 2054 pars
761 1972 939 2035 sententiae
953 1989 1037 2055 quae
1048 1971 1187 2036 minime

155 2081 268 2147 abesse
286 2089 399 2168 potest
419 2082 503 2147 Nam
521 2088 555 2148 et
571 2102 728 2168 pavonem
749 2083 946 2147 admiramur
958 2086 991 2148 et
1003 2082 1189 2147 lusciniam.

155 2195 219 2261 Sed
246 2197 335 2260 >hanc
367 2201 496 2281 propter
530 2201 670 2280 cantum,
711 2196 804 2260 illum
835 2202 964 2281 propter
994 2195 1185 2281 plumarum

155 2309 285 2374 colores.
308 2308 399 2373 Nihil
421 2328 498 2395 ergo
521 2312 632 2376 versui

290 2503 325 2549 se
348 2485 485 2551 derideri
507 2485 606 2551 simul
627 2504 665 2550 ae
687 2505 799 2552 vocem
823 2487 947 2552 miserit

156 2613 272 2711 melius
295 2648 413 2731 opponi
435 2652 540 2732 potest
563 2668 661 2733 quam
684 2649 817 2734 vulgata
838 2649 932 2715 lectio

293 2810 386 2876 illum
408 2830 479 2878 esse
501 2815 627 2879 eunetis
650 2814 783 2881 auribus
806 2814 1026 2881 admirabilem

157 2962 194 3026 in
224 2979 326 3047 eaque
357 2964 628 3047 acquiescendum
650 2971 738 3050 puto,
764 2985 962 3050 quamquam
985 2966 1032 3032 sie
1054 2985 1186 3033 versum
1205 3049 1208 3057 Ι

157 3075 315 3142 habemus
338 3078 441 3143 multo
466 3079 628 3146 duriorem
648 3100 746 3165 quam
765 3080 821 3145 ille
840 3085 895 3145 est·
909 3100 1007 3165 quem
1017 3080 1186 3147 Bentleius

159 3192 334 3275 proposuit

203 3301 261 3387 IV,
285 3305 314 3388 7,
339 3306 368 3369 3.

291 3451 340 3518 Tu
363 3456 429 3539 qui,
452 3458 577 3537 nasute,
601 3455 718 3538 scripta
740 3455 911 3541 destringis
935 3476 1016 3540 mea,

293 3570 325 3630 et
347 3568 408 3633 hoe
431 3570 575 3632 iocorum
598 3567 705 3652 legere
725 3568 850 3635 fastidis
872 3591 985 3656 genus,

294 3698 393 3762 parva
415 3680 561 3746 libellum
584 3680 708 3746 sustine
729 3684 892 3767 patientia

250 3956 388 4000 Δ
