<?xml version="1.0" encoding="UTF-8"?>
<!DOCTYPE html PUBLIC "-//W3C//DTD XHTML 1.0 Transitional//EN"
    "http://www.w3.org/TR/xhtml1/DTD/xhtml1-transitional.dtd">
<html xmlns="http://www.w3.org/1999/xhtml" xml:lang="en" lang="en">
 <head>
  <title>
</title>
<meta http-equiv="Content-Type" content="text/html;charset=utf-8" />
  <meta name='ocr-system' content='tesseract 3.04.00' />
  <meta name='ocr-capabilities' content='ocr_page ocr_carea ocr_par ocr_line ocrx_word'/>
</head>
<body>
  <div class='ocr_page' id='page_1' title='image "./dephaedrifabuli00hartgoog_0079.png"; bbox 0 0 2676 4290; ppageno 0'>
   <div class='ocr_carea' id='block_1_1' title="bbox 650 283 692 345">
    <p class='ocr_par' dir='ltr' id='par_1_1' title="bbox 650 283 692 345">
     <span class='ocr_line' id='line_1_1' title="bbox 650 283 692 345; baseline 0.024 -1"><span class='ocrx_word' id='word_1_1' title='bbox 650 283 692 345; x_wconf 88' lang='grc'><strong>68</strong></span> 
     </span>
    </p>
   </div>
   <div class='ocr_carea' id='block_1_2' title="bbox 153 444 1275 1233">
    <p class='ocr_par' dir='ltr' id='par_1_2' title="bbox 153 444 1275 1233">
     <span class='ocr_line' id='line_1_2' title="bbox 155 444 1275 552; baseline 0.001 -25"><span class='ocrx_word' id='word_1_2' title='bbox 155 467 192 527; x_wconf 91' lang='lat' dir='ltr'><strong>ut</strong></span> <span class='ocrx_word' id='word_1_3' title='bbox 208 447 343 549; x_wconf 76' lang='lat' dir='ltr'><strong>opinor.</strong></span> <span class='ocrx_word' id='word_1_4' title='bbox 373 465 488 550; x_wconf 80' lang='lat' dir='ltr'>Neque</span> <span class='ocrx_word' id='word_1_5' title='bbox 518 469 603 532; x_wconf 91' lang='lat' dir='ltr'><strong>enim</strong></span> <span class='ocrx_word' id='word_1_6' title='bbox 630 473 791 552; x_wconf 75' lang='lat' dir='ltr'><strong>pastorem</strong></span> <span class='ocrx_word' id='word_1_7' title='bbox 813 466 915 532; x_wconf 89' lang='lat' dir='ltr'><strong>fuisse</strong></span> <span class='ocrx_word' id='word_1_8' title='bbox 934 461 1107 551; x_wconf 86' lang='lat' dir='ltr'><strong>¹Aesopum</strong></span> <span class='ocrx_word' id='word_1_9' title='bbox 1132 483 1189 528; x_wconf 92' lang='lat' dir='ltr'><strong>us·</strong></span> <span class='ocrx_word' id='word_1_10' title='bbox 1266 444 1275 475; x_wconf 68' lang='lat'><strong>⁴&#39;</strong></span> 
     </span>
     <span class='ocr_line' id='line_1_3' title="bbox 156 578 1191 664; baseline 0 -24"><span class='ocrx_word' id='word_1_11' title='bbox 156 596 252 660; x_wconf 90' lang='lat' dir='ltr'><strong>quam</strong></span> <span class='ocrx_word' id='word_1_12' title='bbox 288 583 337 642; x_wconf 92' lang='lat' dir='ltr'><strong>est</strong></span> <span class='ocrx_word' id='word_1_13' title='bbox 369 579 524 644; x_wconf 90' lang='lat' dir='ltr'><strong>traditum</strong></span> <span class='ocrx_word' id='word_1_14' title='bbox 559 599 666 664; x_wconf 90' lang='lat' dir='ltr'><strong>neque</strong></span> <span class='ocrx_word' id='word_1_15' title='bbox 700 601 780 645; x_wconf 90' lang='lat' dir='ltr'><strong>usus</strong></span> <span class='ocrx_word' id='word_1_16' title='bbox 811 599 882 645; x_wconf 91' lang='lat' dir='ltr'><strong>esse</strong></span> <span class='ocrx_word' id='word_1_17' title='bbox 911 583 1015 664; x_wconf 90' lang='lat' dir='ltr'><strong>potest</strong></span> <span class='ocrx_word' id='word_1_18' title='bbox 1044 578 1094 642; x_wconf 91' lang='lat' dir='ltr'><strong>rei</strong></span> <span class='ocrx_word' id='word_1_19' title='bbox 1120 581 1191 641; x_wconf 90' lang='lat' dir='ltr'><strong>tam</strong></span> 
     </span>
     <span class='ocr_line' id='line_1_4' title="bbox 153 692 1192 780; baseline 0.001 -25"><span class='ocrx_word' id='word_1_20' title='bbox 153 692 304 757; x_wconf 92' lang='lat' dir='ltr'><strong>immanis</strong></span> <span class='ocrx_word' id='word_1_21' title='bbox 338 697 470 777; x_wconf 91' lang='lat' dir='ltr'><strong>tamque</strong></span> <span class='ocrx_word' id='word_1_22' title='bbox 504 713 640 780; x_wconf 89' lang='lat' dir='ltr'><strong>spurcae</strong></span> <span class='ocrx_word' id='word_1_23' title='bbox 673 700 711 760; x_wconf 91' lang='lat' dir='ltr'><strong>ut</strong></span> <span class='ocrx_word' id='word_1_24' title='bbox 741 699 798 760; x_wconf 90' lang='lat' dir='ltr'><strong>aut</strong></span> <span class='ocrx_word' id='word_1_25' title='bbox 827 714 1008 779; x_wconf 83' lang='lat' dir='ltr'><strong>numquam</strong></span> <span class='ocrx_word' id='word_1_26' title='bbox 1037 692 1124 757; x_wconf 87' lang='lat' dir='ltr'><strong>facta</strong></span> <span class='ocrx_word' id='word_1_27' title='bbox 1147 692 1192 756; x_wconf 94' lang='lat' dir='ltr'><strong>sit</strong></span> 
     </span>
     <span class='ocr_line' id='line_1_5' title="bbox 154 806 1191 895; baseline 0 -25"><span class='ocrx_word' id='word_1_28' title='bbox 154 810 211 870; x_wconf 87' lang='lat' dir='ltr'><strong>aut</strong></span> <span class='ocrx_word' id='word_1_29' title='bbox 240 806 349 872; x_wconf 91' lang='lat' dir='ltr'><strong>semel.</strong></span> <span class='ocrx_word' id='word_1_30' title='bbox 378 806 453 872; x_wconf 88' lang='lat' dir='ltr'><strong>Non</strong></span> <span class='ocrx_word' id='word_1_31' title='bbox 476 828 558 874; x_wconf 94' lang='lat' dir='ltr'><strong>usus</strong></span> <span class='ocrx_word' id='word_1_32' title='bbox 580 810 747 895; x_wconf 76' lang='lat' dir='ltr'><strong>Aesopum</strong></span> <span class='ocrx_word' id='word_1_33' title='bbox 772 808 881 873; x_wconf 92' lang='lat' dir='ltr'><strong>docuit</strong></span> <span class='ocrx_word' id='word_1_34' title='bbox 901 806 958 873; x_wconf 92' lang='lat' dir='ltr'><strong>sed</strong></span> <span class='ocrx_word' id='word_1_35' title='bbox 979 808 1095 871; x_wconf 84' lang='lat' dir='ltr'><strong>innata</strong></span> <span class='ocrx_word' id='word_1_36' title='bbox 1117 824 1191 891; x_wconf 91' lang='lat' dir='ltr'><strong>per-</strong></span> 
     </span>
     <span class='ocr_line' id='line_1_6' title="bbox 155 918 1192 1008; baseline 0.001 -25"><span class='ocrx_word' id='word_1_37' title='bbox 155 920 332 1003; x_wconf 89' lang='lat' dir='ltr'><strong>spicacitas.</strong></span> <span class='ocrx_word' id='word_1_38' title='bbox 358 918 451 997; x_wconf 80' lang='lat' dir='ltr'><strong>Quod</strong></span> <span class='ocrx_word' id='word_1_39' title='bbox 473 922 588 986; x_wconf 90' lang='lat' dir='ltr'><strong>harioli</strong></span> <span class='ocrx_word' id='word_1_40' title='bbox 611 942 678 986; x_wconf 92' lang='lat' dir='ltr'><strong>non</strong></span> <span class='ocrx_word' id='word_1_41' title='bbox 688 921 910 1008; x_wconf 85' lang='lat' dir='ltr'><strong>intelligebant</strong></span> <span class='ocrx_word' id='word_1_42' title='bbox 921 921 1087 1007; x_wconf 90' lang='lat' dir='ltr'><strong>perspexit</strong></span> <span class='ocrx_word' id='word_1_43' title='bbox 1098 921 1192 985; x_wconf 90' lang='lat' dir='ltr'><strong>naris</strong></span> 
     </span>
     <span class='ocr_line' id='line_1_7' title="bbox 155 1035 1193 1120; baseline 0.002 -23"><span class='ocrx_word' id='word_1_44' title='bbox 155 1038 324 1098; x_wconf 79' lang='lat' dir='ltr'><strong>emunctae</strong></span> <span class='ocrx_word' id='word_1_45' title='bbox 348 1053 457 1100; x_wconf 85' lang='lat' dir='ltr'><strong>senex.</strong></span> <span class='ocrx_word' id='word_1_46' title='bbox 480 1035 584 1101; x_wconf 91' lang='lat' dir='ltr'><strong>Multo</strong></span> <span class='ocrx_word' id='word_1_47' title='bbox 609 1055 684 1120; x_wconf 84' lang='lat' dir='ltr'><strong>ergo</strong></span> <span class='ocrx_word' id='word_1_48' title='bbox 704 1037 820 1101; x_wconf 89' lang='lat' dir='ltr'><strong>melius</strong></span> <span class='ocrx_word' id='word_1_49' title='bbox 840 1035 1016 1100; x_wconf 81' lang='lat' dir='ltr'><strong>narrationi</strong></span> <span class='ocrx_word' id='word_1_50' title='bbox 1035 1035 1193 1099; x_wconf 92' lang='lat' dir='ltr'><strong>convenit</strong></span> 
     </span>
     <span class='ocr_line' id='line_1_8' title="bbox 155 1145 1191 1233; baseline 0.004 -23"><span class='ocrx_word' id='word_1_51' title='bbox 155 1145 320 1212; x_wconf 90' lang='lat' dir='ltr'><strong>Perottina</strong></span> <span class='ocrx_word' id='word_1_52' title='bbox 332 1151 506 1214; x_wconf 90' lang='lat' dir='ltr'><strong>sententia:</strong></span> <span class='ocrx_word' id='word_1_53' title='bbox 519 1152 642 1216; x_wconf 78' lang='lat' dir='ltr'><strong>ratione</strong></span> <span class='ocrx_word' id='word_1_54' title='bbox 651 1152 863 1233; x_wconf 80' lang='lat' dir='ltr'><strong>potiusquam</strong></span> <span class='ocrx_word' id='word_1_55' title='bbox 875 1150 1012 1215; x_wconf 66' lang='lat' dir='ltr'><strong>cauta</strong></span> <span class='ocrx_word' id='word_1_56' title='bbox 1019 1149 1191 1232; x_wconf 74' lang='lat' dir='ltr'><strong>npeadmn.</strong></span> 
     </span>
    </p>
   </div>
   <div class='ocr_carea' id='block_1_3' title="bbox 155 1320 1096 1410">
    <p class='ocr_par' dir='ltr' id='par_1_3' title="bbox 155 1320 1096 1410">
     <span class='ocr_line' id='line_1_9' title="bbox 155 1320 1096 1410; baseline 0.003 -25"><span class='ocrx_word' id='word_1_57' title='bbox 155 1320 215 1405; x_wconf 87' lang='lat'>111,</span> <span class='ocrx_word' id='word_1_58' title='bbox 228 1323 257 1406; x_wconf 87' lang='lat'><strong>5,</strong></span> <span class='ocrx_word' id='word_1_59' title='bbox 271 1322 300 1386; x_wconf 91' lang='lat' dir='ltr'><strong>l.</strong></span> <span class='ocrx_word' id='word_1_60' title='bbox 355 1322 533 1390; x_wconf 83' lang='lat' dir='ltr'><strong>Successus</strong></span> <span class='ocrx_word' id='word_1_61' title='bbox 556 1324 596 1389; x_wconf 91' lang='lat' dir='ltr'><strong>ad</strong></span> <span class='ocrx_word' id='word_1_62' title='bbox 618 1326 792 1410; x_wconf 92' lang='lat' dir='ltr'><strong>perniciem</strong></span> <span class='ocrx_word' id='word_1_63' title='bbox 814 1325 935 1390; x_wconf 89' lang='lat' dir='ltr'><strong>multos</strong></span> <span class='ocrx_word' id='word_1_64' title='bbox 954 1324 1096 1389; x_wconf 88' lang='lat' dir='ltr'><strong>devocat.</strong></span> 
     </span>
    </p>
   </div>
   <div class='ocr_carea' id='block_1_4' title="bbox 156 1484 1195 1910">
    <p class='ocr_par' dir='ltr' id='par_1_4' title="bbox 156 1484 1195 1910">
     <span class='ocr_line' id='line_1_10' title="bbox 200 1484 1195 1572; baseline 0.001 -22"><span class='ocrx_word' id='word_1_65' title='bbox 200 1484 314 1570; x_wconf 91' lang='lat' dir='ltr'><strong>Neque</strong></span> <span class='ocrx_word' id='word_1_66' title='bbox 345 1489 563 1552; x_wconf 88' lang='lat' dir='ltr'><strong>necessarium</strong></span> <span class='ocrx_word' id='word_1_67' title='bbox 595 1488 656 1551; x_wconf 91' lang='lat' dir='ltr'><strong>hcc</strong></span> <span class='ocrx_word' id='word_1_68' title='bbox 685 1488 908 1572; x_wconf 90' lang='lat' dir='ltr'><strong>prcmythium</strong></span> <span class='ocrx_word' id='word_1_69' title='bbox 939 1491 988 1553; x_wconf 89' lang='lat' dir='ltr'><strong>est</strong></span> <span class='ocrx_word' id='word_1_70' title='bbox 1010 1505 1120 1571; x_wconf 92' lang='lat' dir='ltr'><strong>neque</strong></span> <span class='ocrx_word' id='word_1_71' title='bbox 1141 1486 1195 1551; x_wconf 88' lang='lat' dir='ltr'><strong>fa·</strong></span> 
     </span>
     <span class='ocr_line' id='line_1_11' title="bbox 156 1597 1194 1685; baseline 0.005 -23"><span class='ocrx_word' id='word_1_72' title='bbox 156 1597 252 1663; x_wconf 92' lang='lat' dir='ltr'><strong>bulae</strong></span> <span class='ocrx_word' id='word_1_73' title='bbox 285 1599 465 1684; x_wconf 89' lang='lat' dir='ltr'><strong>respondet.</strong></span> <span class='ocrx_word' id='word_1_74' title='bbox 499 1598 573 1663; x_wconf 89' lang='lat' dir='ltr'><strong>Non</strong></span> <span class='ocrx_word' id='word_1_75' title='bbox 605 1601 693 1664; x_wconf 92' lang='lat' dir='ltr'><strong>enim</strong></span> <span class='ocrx_word' id='word_1_76' title='bbox 724 1619 895 1666; x_wconf 88' lang='lat' dir='ltr'><strong>successus</strong></span> <span class='ocrx_word' id='word_1_77' title='bbox 925 1601 1125 1685; x_wconf 82' lang='lat' dir='ltr'><strong>petulantem</strong></span> <span class='ocrx_word' id='word_1_78' title='bbox 1149 1602 1194 1667; x_wconf 87' lang='lat' dir='ltr'><strong>ad</strong></span> 
     </span>
     <span class='ocr_line' id='line_1_12' title="bbox 156 1713 1194 1798; baseline 0.004 -23"><span class='ocrx_word' id='word_1_79' title='bbox 156 1713 330 1797; x_wconf 90' lang='lat' dir='ltr'><strong>perniciem</strong></span> <span class='ocrx_word' id='word_1_80' title='bbox 375 1713 550 1795; x_wconf 84' lang='lat' dir='ltr'><strong>devocavit,</strong></span> <span class='ocrx_word' id='word_1_81' title='bbox 593 1713 648 1777; x_wconf 91' lang='lat' dir='ltr'><strong>sed</strong></span> <span class='ocrx_word' id='word_1_82' title='bbox 684 1714 825 1779; x_wconf 89' lang='lat' dir='ltr'><strong>crudelis</strong></span> <span class='ocrx_word' id='word_1_83' title='bbox 861 1713 1017 1780; x_wconf 88' lang='lat' dir='ltr'><strong>calliditas</strong></span> <span class='ocrx_word' id='word_1_84' title='bbox 1054 1735 1122 1798; x_wconf 87' lang='lat' dir='ltr'><strong>qua</strong></span> <span class='ocrx_word' id='word_1_85' title='bbox 1154 1717 1194 1779; x_wconf 93' lang='lat' dir='ltr'><strong>in</strong></span> 
     </span>
     <span class='ocr_line' id='line_1_13' title="bbox 157 1823 701 1910; baseline 0.004 -21"><span class='ocrx_word' id='word_1_86' title='bbox 157 1823 342 1890; x_wconf 91' lang='lat' dir='ltr'><strong>ulciscendo</strong></span> <span class='ocrx_word' id='word_1_87' title='bbox 364 1826 514 1910; x_wconf 90' lang='lat' dir='ltr'><strong>Aesopus</strong></span> <span class='ocrx_word' id='word_1_88' title='bbox 538 1845 619 1891; x_wconf 91' lang='lat' dir='ltr'><strong>usus</strong></span> <span class='ocrx_word' id='word_1_89' title='bbox 643 1831 701 1891; x_wconf 90' lang='lat' dir='ltr'><strong>est.</strong></span> 
     </span>
    </p>
   </div>
   <div class='ocr_carea' id='block_1_5' title="bbox 156 1998 1133 2199">
    <p class='ocr_par' dir='ltr' id='par_1_5' title="bbox 156 1998 1133 2199">
     <span class='ocr_line' id='line_1_14' title="bbox 156 1998 1048 2087; baseline 0.006 -25"><span class='ocrx_word' id='word_1_90' title='bbox 156 1998 216 2082; x_wconf 92' lang='lat' dir='ltr'>III,</span> <span class='ocrx_word' id='word_1_91' title='bbox 229 2000 258 2083; x_wconf 84' lang='lat'><strong>6,</strong></span> <span class='ocrx_word' id='word_1_92' title='bbox 272 1999 314 2063; x_wconf 93' lang='lat'><strong>10</strong></span> <span class='ocrx_word' id='word_1_93' title='bbox 330 2019 399 2084; x_wconf 90' lang='lat' dir='ltr'><strong>sqq.</strong></span> <span class='ocrx_word' id='word_1_94' title='bbox 422 1998 494 2064; x_wconf 88' lang='lat' dir='ltr'><strong>Hac</strong></span> <span class='ocrx_word' id='word_1_95' title='bbox 516 2000 653 2067; x_wconf 87' lang='lat' dir='ltr'><strong>derideri</strong></span> <span class='ocrx_word' id='word_1_96' title='bbox 675 2001 785 2067; x_wconf 85' lang='lat' dir='ltr'><strong>fabula</strong></span> <span class='ocrx_word' id='word_1_97' title='bbox 807 2004 920 2067; x_wconf 91' lang='lat' dir='ltr'><strong>merito</strong></span> <span class='ocrx_word' id='word_1_98' title='bbox 942 2007 1048 2087; x_wconf 91' lang='lat' dir='ltr'><strong>potest</strong></span> 
     </span>
     <span class='ocr_line' id='line_1_15' title="bbox 427 2116 1133 2199; baseline 0.001 -20"><span class='ocrx_word' id='word_1_99' title='bbox 427 2116 485 2199; x_wconf 92' lang='lat' dir='ltr'><strong>qui</strong></span> <span class='ocrx_word' id='word_1_100' title='bbox 507 2116 577 2180; x_wconf 92' lang='lat' dir='ltr'><strong>sine</strong></span> <span class='ocrx_word' id='word_1_101' title='bbox 599 2117 719 2181; x_wconf 90' lang='lat' dir='ltr'><strong>virtute</strong></span> <span class='ocrx_word' id='word_1_102' title='bbox 743 2136 842 2181; x_wconf 90' lang='lat' dir='ltr'><strong>vanas</strong></span> <span class='ocrx_word' id='word_1_103' title='bbox 866 2121 994 2182; x_wconf 86' lang='lat' dir='ltr'><strong>exercet</strong></span> <span class='ocrx_word' id='word_1_104' title='bbox 1017 2117 1133 2181; x_wconf 86' lang='lat' dir='ltr'><strong>minas.</strong></span> 
     </span>
    </p>
   </div>
   <div class='ocr_carea' id='block_1_6' title="bbox 159 2279 1202 3616">
    <p class='ocr_par' dir='ltr' id='par_1_6' title="bbox 159 2279 1192 2480">
     <span class='ocr_line' id='line_1_16' title="bbox 203 2279 1192 2365; baseline 0 -19"><span class='ocrx_word' id='word_1_105' title='bbox 203 2279 283 2358; x_wconf 83' lang='lat' dir='ltr'><strong>Quis</strong></span> <span class='ocrx_word' id='word_1_106' title='bbox 305 2286 372 2346; x_wconf 89' lang='lat' dir='ltr'><strong>tam</strong></span> <span class='ocrx_word' id='word_1_107' title='bbox 391 2280 507 2365; x_wconf 82' lang='lat' dir='ltr'><strong>frigida</strong></span> <span class='ocrx_word' id='word_1_108' title='bbox 525 2279 745 2363; x_wconf 81' lang='lat' dir='ltr'><strong>languideque</strong></span> <span class='ocrx_word' id='word_1_109' title='bbox 763 2281 1024 2364; x_wconf 82' lang='lat' dir='ltr'><strong>interpretatione</strong></span> <span class='ocrx_word' id='word_1_110' title='bbox 1042 2280 1192 2365; x_wconf 91' lang='lat' dir='ltr'><strong>lepidum</strong></span> 
     </span>
     <span class='ocr_line' id='line_1_17' title="bbox 159 2393 755 2480; baseline -0.003 -20"><span class='ocrx_word' id='word_1_111' title='bbox 159 2396 235 2479; x_wconf 93' lang='lat' dir='ltr'><strong>equi</strong></span> <span class='ocrx_word' id='word_1_112' title='bbox 258 2414 450 2480; x_wconf 88' lang='lat' dir='ltr'><strong>responsum</strong></span> <span class='ocrx_word' id='word_1_113' title='bbox 474 2394 629 2479; x_wconf 87' lang='lat' dir='ltr'><strong>explicari</strong></span> <span class='ocrx_word' id='word_1_114' title='bbox 652 2393 755 2459; x_wconf 75' lang='lat' dir='ltr'><strong>ferat?</strong></span> 
     </span>
    </p>

    <p class='ocr_par' dir='ltr' id='par_1_7' title="bbox 159 2507 1197 2823">
     <span class='ocr_line' id='line_1_18' title="bbox 203 2507 1197 2593; baseline 0.002 -21"><span class='ocrx_word' id='word_1_115' title='bbox 203 2507 263 2592; x_wconf 79' lang='grc' dir='ltr'><strong>ΠΙ,</strong></span> <span class='ocrx_word' id='word_1_116' title='bbox 289 2509 318 2573; x_wconf 82' lang='grc'><strong>7.</strong></span> <span class='ocrx_word' id='word_1_117' title='bbox 342 2508 370 2572; x_wconf 81' lang='grc' dir='ltr'>Ε</span> <span class='ocrx_word' id='word_1_118' title='bbox 392 2508 463 2593; x_wconf 88' lang='lat' dir='ltr'><strong>lupi</strong></span> <span class='ocrx_word' id='word_1_119' title='bbox 486 2527 560 2572; x_wconf 88' lang='lat' dir='ltr'><strong>cum</strong></span> <span class='ocrx_word' id='word_1_120' title='bbox 584 2526 664 2572; x_wconf 91' lang='lat' dir='ltr'><strong>eane</strong></span> <span class='ocrx_word' id='word_1_121' title='bbox 684 2507 843 2591; x_wconf 90' lang='lat' dir='ltr'><strong>colloquio</strong></span> <span class='ocrx_word' id='word_1_122' title='bbox 864 2512 930 2571; x_wconf 91' lang='lat' dir='ltr'><strong>tam</strong></span> <span class='ocrx_word' id='word_1_123' title='bbox 950 2508 1045 2593; x_wconf 89' lang='lat' dir='ltr'><strong>plane</strong></span> <span class='ocrx_word' id='word_1_124' title='bbox 1061 2513 1197 2592; x_wconf 88' lang='lat' dir='ltr'><strong>apparet</strong></span> 
     </span>
     <span class='ocr_line' id='line_1_19' title="bbox 159 2620 1197 2706; baseline 0 -19"><span class='ocrx_word' id='word_1_125' title='bbox 159 2643 256 2705; x_wconf 80' lang='lat' dir='ltr'><strong>quam</strong></span> <span class='ocrx_word' id='word_1_126' title='bbox 286 2622 386 2687; x_wconf 82' lang='lat' dir='ltr'><strong>dulcis</strong></span> <span class='ocrx_word' id='word_1_127' title='bbox 417 2622 459 2686; x_wconf 81' lang='lat' dir='ltr'><strong>sit</strong></span> <span class='ocrx_word' id='word_1_128' title='bbox 485 2620 610 2686; x_wconf 79' lang='lat' dir='ltr'><strong>libertas</strong></span> <span class='ocrx_word' id='word_1_129' title='bbox 642 2626 678 2686; x_wconf 91' lang='lat' dir='ltr'><strong>ut</strong></span> <span class='ocrx_word' id='word_1_130' title='bbox 709 2623 857 2706; x_wconf 88' lang='lat' dir='ltr'><strong>ineptum</strong></span> <span class='ocrx_word' id='word_1_131' title='bbox 889 2623 931 2686; x_wconf 91' lang='lat' dir='ltr'><strong>sit</strong></span> <span class='ocrx_word' id='word_1_132' title='bbox 954 2621 1011 2685; x_wconf 89' lang='lat' dir='ltr'><strong>illa</strong></span> <span class='ocrx_word' id='word_1_133' title='bbox 1034 2620 1197 2687; x_wconf 89' lang='lat' dir='ltr'><strong>vocabula</strong></span> 
     </span>
     <span class='ocr_line' id='line_1_20' title="bbox 160 2737 372 2823; baseline -0.014 -22"><span class='ocrx_word' id='word_1_134' title='bbox 160 2737 372 2823; x_wconf 86' lang='lat' dir='ltr'><strong>praemittere.</strong></span> 
     </span>
    </p>

    <p class='ocr_par' dir='ltr' id='par_1_8' title="bbox 161 2847 1202 3616">
     <span class='ocr_line' id='line_1_21' title="bbox 205 2847 1199 2934; baseline 0 -19"><span class='ocrx_word' id='word_1_135' title='bbox 205 2850 264 2934; x_wconf 86' lang='lat'>111,</span> <span class='ocrx_word' id='word_1_136' title='bbox 285 2852 315 2914; x_wconf 90' lang='lat'><strong>8.</strong></span> <span class='ocrx_word' id='word_1_137' title='bbox 332 2850 428 2915; x_wconf 89' lang='lat' dir='ltr'><strong>Pater</strong></span> <span class='ocrx_word' id='word_1_138' title='bbox 440 2849 572 2934; x_wconf 92' lang='lat' dir='ltr'><strong>quidam</strong></span> <span class='ocrx_word' id='word_1_139' title='bbox 583 2850 657 2913; x_wconf 88' lang='lat' dir='ltr'><strong>rixa</strong></span> <span class='ocrx_word' id='word_1_140' title='bbox 669 2847 900 2913; x_wconf 89' lang='lat' dir='ltr'><strong>interfiliolum</strong></span> <span class='ocrx_word' id='word_1_141' title='bbox 911 2848 1110 2933; x_wconf 88' lang='lat' dir='ltr'><strong>filiolamque</strong></span> <span class='ocrx_word' id='word_1_142' title='bbox 1122 2869 1199 2934; x_wconf 91' lang='lat' dir='ltr'><strong>spe·</strong></span> 
     </span>
     <span class='ocr_line' id='line_1_22' title="bbox 161 2963 1200 3049; baseline -0.002 -19"><span class='ocrx_word' id='word_1_143' title='bbox 161 2966 273 3031; x_wconf 90' lang='lat' dir='ltr'><strong>culum</strong></span> <span class='ocrx_word' id='word_1_144' title='bbox 293 2966 500 3049; x_wconf 90' lang='lat' dir='ltr'><strong>inspicientes</strong></span> <span class='ocrx_word' id='word_1_145' title='bbox 524 2968 594 3028; x_wconf 89' lang='lat' dir='ltr'><strong>orta</strong></span> <span class='ocrx_word' id='word_1_146' title='bbox 616 2982 685 3028; x_wconf 90' lang='lat' dir='ltr'><strong>eam</strong></span> <span class='ocrx_word' id='word_1_147' title='bbox 707 2965 907 3027; x_wconf 86' lang='lat' dir='ltr'><strong>occasionem</strong></span> <span class='ocrx_word' id='word_1_148' title='bbox 927 2963 1063 3046; x_wconf 86' lang='lat' dir='ltr'><strong>arripuit</strong></span> <span class='ocrx_word' id='word_1_149' title='bbox 1075 2963 1200 3047; x_wconf 89' lang='lat' dir='ltr'><strong>optima</strong></span> 
     </span>
     <span class='ocr_line' id='line_1_23' title="bbox 162 3075 1198 3165; baseline -0.002 -20"><span class='ocrx_word' id='word_1_150' title='bbox 162 3097 311 3165; x_wconf 90' lang='lat' dir='ltr'><strong>quaeque</strong></span> <span class='ocrx_word' id='word_1_151' title='bbox 341 3096 396 3142; x_wconf 90' lang='lat' dir='ltr'><strong>eos</strong></span> <span class='ocrx_word' id='word_1_152' title='bbox 428 3077 588 3141; x_wconf 92' lang='lat' dir='ltr'><strong>monendi.</strong></span> <span class='ocrx_word' id='word_1_153' title='bbox 615 3075 718 3141; x_wconf 91' lang='lat' dir='ltr'><strong>Docet</strong></span> <span class='ocrx_word' id='word_1_154' title='bbox 741 3095 816 3160; x_wconf 81' lang='lat' dir='ltr'><strong>ergo</strong></span> <span class='ocrx_word' id='word_1_155' title='bbox 839 3075 949 3141; x_wconf 86' lang='lat' dir='ltr'><strong>fabula</strong></span> <span class='ocrx_word' id='word_1_156' title='bbox 973 3077 1029 3160; x_wconf 91' lang='lat' dir='ltr'><strong>qui</strong></span> <span class='ocrx_word' id='word_1_157' title='bbox 1053 3080 1198 3142; x_wconf 89' lang='lat' dir='ltr'><strong>mentem</strong></span> 
     </span>
     <span class='ocr_line' id='line_1_24' title="bbox 163 3188 1200 3278; baseline -0.002 -21"><span class='ocrx_word' id='word_1_158' title='bbox 163 3191 361 3278; x_wconf 87' lang='lat' dir='ltr'><strong>sapientibus</strong></span> <span class='ocrx_word' id='word_1_159' title='bbox 385 3192 565 3275; x_wconf 90' lang='lat' dir='ltr'><strong>sapientum</strong></span> <span class='ocrx_word' id='word_1_160' title='bbox 587 3189 731 3254; x_wconf 90' lang='lat' dir='ltr'><strong>consiliis</strong></span> <span class='ocrx_word' id='word_1_161' title='bbox 750 3191 992 3274; x_wconf 90' lang='lat' dir='ltr'><strong>praeceptisque</strong></span> <span class='ocrx_word' id='word_1_162' title='bbox 1016 3188 1200 3255; x_wconf 84' lang='lat' dir='ltr'><strong>excoluerit</strong></span> 
     </span>
     <span class='ocr_line' id='line_1_25' title="bbox 163 3303 1202 3391; baseline -0.002 -21"><span class='ocrx_word' id='word_1_163' title='bbox 163 3324 204 3370; x_wconf 96' lang='lat' dir='ltr'><strong>ne</strong></span> <span class='ocrx_word' id='word_1_164' title='bbox 235 3304 402 3391; x_wconf 88' lang='lat' dir='ltr'><strong>speculum</strong></span> <span class='ocrx_word' id='word_1_165' title='bbox 434 3303 564 3388; x_wconf 90' lang='lat' dir='ltr'><strong>quidem</strong></span> <span class='ocrx_word' id='word_1_166' title='bbox 593 3304 744 3368; x_wconf 86' lang='lat' dir='ltr'><strong>vanitatis</strong></span> <span class='ocrx_word' id='word_1_167' title='bbox 768 3321 838 3367; x_wconf 91' lang='lat' dir='ltr'><strong>esse</strong></span> <span class='ocrx_word' id='word_1_168' title='bbox 862 3305 1115 3367; x_wconf 90' lang='lat' dir='ltr'><strong>instrumentum</strong></span> <span class='ocrx_word' id='word_1_169' title='bbox 1140 3304 1202 3368; x_wconf 89' lang='lat' dir='ltr'><strong>sed</strong></span> 
     </span>
     <span class='ocr_line' id='line_1_26' title="bbox 164 3412 1202 3501; baseline -0.002 -19"><span class='ocrx_word' id='word_1_170' title='bbox 164 3419 294 3483; x_wconf 90' lang='lat' dir='ltr'><strong>virtutis</strong></span> <span class='ocrx_word' id='word_1_171' title='bbox 319 3417 480 3501; x_wconf 88' lang='lat' dir='ltr'><strong>officiique</strong></span> <span class='ocrx_word' id='word_1_172' title='bbox 504 3416 554 3481; x_wconf 92' lang='lat' dir='ltr'><strong>vel</strong></span> <span class='ocrx_word' id='word_1_173' title='bbox 577 3416 660 3480; x_wconf 92' lang='lat' dir='ltr'><strong>illud</strong></span> <span class='ocrx_word' id='word_1_174' title='bbox 685 3415 857 3480; x_wconf 90' lang='lat' dir='ltr'><strong>admonere</strong></span> <span class='ocrx_word' id='word_1_175' title='bbox 881 3434 957 3480; x_wconf 89' lang='lat' dir='ltr'><strong>eum</strong></span> <span class='ocrx_word' id='word_1_176' title='bbox 979 3434 1082 3500; x_wconf 90' lang='lat' dir='ltr'><strong>posse.</strong></span> <span class='ocrx_word' id='word_1_177' title='bbox 1106 3412 1202 3480; x_wconf 91' lang='lat' dir='ltr'><strong>Ridi-</strong></span> 
     </span>
     <span class='ocr_line' id='line_1_27' title="bbox 165 3527 1202 3616; baseline -0.002 -20"><span class='ocrx_word' id='word_1_178' title='bbox 165 3531 259 3597; x_wconf 91' lang='lat' dir='ltr'><strong>oulus</strong></span> <span class='ocrx_word' id='word_1_179' title='bbox 294 3550 368 3616; x_wconf 82' lang='lat' dir='ltr'><strong>ergo</strong></span> <span class='ocrx_word' id='word_1_180' title='bbox 403 3530 524 3595; x_wconf 91' lang='lat' dir='ltr'><strong>Perotti</strong></span> <span class='ocrx_word' id='word_1_181' title='bbox 556 3534 669 3595; x_wconf 88' lang='lat' dir='ltr'><strong>auctor</strong></span> <span class='ocrx_word' id='word_1_182' title='bbox 697 3531 755 3614; x_wconf 91' lang='lat' dir='ltr'><strong>qui</strong></span> <span class='ocrx_word' id='word_1_183' title='bbox 775 3530 859 3593; x_wconf 84' lang='lat' dir='ltr'><strong>hanc</strong></span> <span class='ocrx_word' id='word_1_184' title='bbox 883 3547 953 3593; x_wconf 90' lang='lat' dir='ltr'><strong>esse</strong></span> <span class='ocrx_word' id='word_1_185' title='bbox 970 3527 1100 3593; x_wconf 84' lang='lat' dir='ltr'><strong>fabulae</strong></span> <span class='ocrx_word' id='word_1_186' title='bbox 1123 3547 1202 3594; x_wconf 88' lang='lat' dir='ltr'><strong>sen-</strong></span> 
     </span>
    </p>
   </div>
   <div class='ocr_carea' id='block_1_7' title="bbox 165 3641 1201 3730">
    <p class='ocr_par' dir='ltr' id='par_1_9' title="bbox 165 3641 1201 3730">
     <span class='ocr_line' id='line_1_28' title="bbox 165 3641 1201 3730; baseline 0 -20"><span class='ocrx_word' id='word_1_187' title='bbox 165 3647 298 3710; x_wconf 86' lang='lat' dir='ltr'><strong>tentiam</strong></span> <span class='ocrx_word' id='word_1_188' title='bbox 321 3644 444 3710; x_wconf 90' lang='lat' dir='ltr'><strong>credat:</strong></span> <span class='ocrx_word' id='word_1_189' title='bbox 469 3664 566 3730; x_wconf 80' lang='lat' dir='ltr'><strong>quom</strong></span> <span class='ocrx_word' id='word_1_190' title='bbox 587 3643 767 3728; x_wconf 80' lang='lat' dir='ltr'><strong>saepissime</strong></span> <span class='ocrx_word' id='word_1_191' title='bbox 783 3641 1201 3725; x_wconf 67' lang='lat' dir='ltr'><strong>amzaaeattempeaalam</strong></span> 
     </span>
    </p>
   </div>
   <div class='ocr_carea' id='block_1_8' title="bbox 0 0 1358 4290">
    <p class='ocr_par' dir='ltr' id='par_1_10' title="bbox 0 0 1358 4290">
     <span class='ocr_line' id='line_1_29' title="bbox 0 0 1358 4290; baseline 0 0"><span class='ocrx_word' id='word_1_192' title='bbox 0 0 1358 4290; x_wconf 95' lang='lat' dir='ltr'><strong> </strong></span> 
     </span>
    </p>
   </div>
  </div>
 </body>
</html>
