<?xml version="1.0" encoding="UTF-8"?>
<!DOCTYPE html PUBLIC "-//W3C//DTD XHTML 1.0 Transitional//EN"
    "http://www.w3.org/TR/xhtml1/DTD/xhtml1-transitional.dtd">
<html xmlns="http://www.w3.org/1999/xhtml" xml:lang="en" lang="en">
 <head>
  <title>
</title>
<meta http-equiv="Content-Type" content="text/html;charset=utf-8" />
  <meta name='ocr-system' content='tesseract 3.04.00' />
  <meta name='ocr-capabilities' content='ocr_page ocr_carea ocr_par ocr_line ocrx_word'/>
</head>
<body>
  <div class='ocr_page' id='page_1' title='image "./dephaedrifabuli00hartgoog_0014.png"; bbox 0 0 2676 4290; ppageno 0'>
   <div class='ocr_carea' id='block_1_1' title="bbox 643 381 663 443">
    <p class='ocr_par' dir='ltr' id='par_1_1' title="bbox 643 381 663 443">
     <span class='ocr_line' id='line_1_1' title="bbox 643 381 663 443; baseline 0 0"><span class='ocrx_word' id='word_1_1' title='bbox 643 381 663 443; x_wconf 84' lang='lat'>3</span> 
     </span>
    </p>
   </div>
   <div class='ocr_carea' id='block_1_2' title="bbox 129 566 1230 1790">
    <p class='ocr_par' dir='ltr' id='par_1_2' title="bbox 129 566 1230 1790">
     <span class='ocr_line' id='line_1_2' title="bbox 129 566 1156 652; baseline -0.006 -17"><span class='ocrx_word' id='word_1_2' title='bbox 129 566 234 635; x_wconf 89' lang='lat' dir='ltr'>sum.&#39;&#39;</span> <span class='ocrx_word' id='word_1_3' title='bbox 261 567 369 632; x_wconf 86' lang='lat' dir='ltr'>Verba</span> <span class='ocrx_word' id='word_1_4' title='bbox 391 568 470 633; x_wconf 88' lang='lat' dir='ltr'>haec</span> <span class='ocrx_word' id='word_1_5' title='bbox 492 571 578 651; x_wconf 86' lang='lat' dir='ltr'>sunt,</span> <span class='ocrx_word' id='word_1_6' title='bbox 603 571 639 632; x_wconf 92' lang='lat' dir='ltr'>ut</span> <span class='ocrx_word' id='word_1_7' title='bbox 662 568 784 652; x_wconf 88' lang='lat' dir='ltr'>opinor,</span> <span class='ocrx_word' id='word_1_8' title='bbox 807 569 878 632; x_wconf 90' lang='lat' dir='ltr'>eins</span> <span class='ocrx_word' id='word_1_9' title='bbox 901 566 956 631; x_wconf 90' lang='lat' dir='ltr'>cui</span> <span class='ocrx_word' id='word_1_10' title='bbox 977 585 1043 630; x_wconf 91' lang='lat' dir='ltr'>non</span> <span class='ocrx_word' id='word_1_11' title='bbox 1066 577 1156 650; x_wconf 57' lang='lat' dir='ltr'>pror*</span> 
     </span>
     <span class='ocr_line' id='line_1_3' title="bbox 129 679 1156 766; baseline -0.003 -19"><span class='ocrx_word' id='word_1_12' title='bbox 129 702 186 747; x_wconf 88' lang='lat' dir='ltr'>sus</span> <span class='ocrx_word' id='word_1_13' title='bbox 222 683 305 746; x_wconf 81' lang='lat' dir='ltr'>desit</span> <span class='ocrx_word' id='word_1_14' title='bbox 338 686 574 766; x_wconf 82' lang='lat' dir='ltr'>argumentum,</span> <span class='ocrx_word' id='word_1_15' title='bbox 607 681 754 765; x_wconf 85' lang='lat' dir='ltr'>quamvis</span> <span class='ocrx_word' id='word_1_16' title='bbox 783 680 866 745; x_wconf 90' lang='lat' dir='ltr'>illud</span> <span class='ocrx_word' id='word_1_17' title='bbox 897 679 1062 744; x_wconf 86' lang='lat' dir='ltr'>infirmum</span> <span class='ocrx_word' id='word_1_18' title='bbox 1086 696 1156 744; x_wconf 87' lang='lat' dir='ltr'>esse</span> 
     </span>
     <span class='ocr_line' id='line_1_4' title="bbox 129 791 1156 880; baseline -0.001 -21"><span class='ocrx_word' id='word_1_19' title='bbox 129 796 199 880; x_wconf 90' lang='lat' dir='ltr'>ipse</span> <span class='ocrx_word' id='word_1_20' title='bbox 230 797 355 878; x_wconf 87' lang='lat' dir='ltr'>sentiat,</span> <span class='ocrx_word' id='word_1_21' title='bbox 387 815 452 879; x_wconf 91' lang='lat' dir='ltr'>quo</span> <span class='ocrx_word' id='word_1_22' title='bbox 482 813 526 878; x_wconf 89' lang='lat' dir='ltr'>se,</span> <span class='ocrx_word' id='word_1_23' title='bbox 556 795 584 858; x_wconf 89' lang='lat' dir='ltr'>si</span> <span class='ocrx_word' id='word_1_24' title='bbox 614 813 679 858; x_wconf 91' lang='lat' dir='ltr'>non</span> <span class='ocrx_word' id='word_1_25' title='bbox 704 792 879 877; x_wconf 76' lang='lat' dir='ltr'>Graecum,</span> <span class='ocrx_word' id='word_1_26' title='bbox 894 797 1001 858; x_wconf 64' lang='lat' dir='ltr'>umen</span> <span class='ocrx_word' id='word_1_27' title='bbox 1026 791 1156 858; x_wconf 78' lang='lat' dir='ltr'>Graecis</span> 
     </span>
     <span class='ocr_line' id='line_1_5' title="bbox 130 906 1157 992; baseline -0.001 -21"><span class='ocrx_word' id='word_1_28' title='bbox 130 907 260 972; x_wconf 88' lang='lat' dir='ltr'>affinem</span> <span class='ocrx_word' id='word_1_29' title='bbox 291 909 400 992; x_wconf 84' lang='lat' dir='ltr'>aliquo</span> <span class='ocrx_word' id='word_1_30' title='bbox 431 908 526 972; x_wconf 91' lang='lat' dir='ltr'>modo</span> <span class='ocrx_word' id='word_1_31' title='bbox 556 907 747 972; x_wconf 84' lang='lat' dir='ltr'>contendere</span> <span class='ocrx_word' id='word_1_32' title='bbox 778 908 887 992; x_wconf 88' lang='lat' dir='ltr'>possit</span> <span class='ocrx_word' id='word_1_33' title='bbox 912 906 1067 972; x_wconf 79' lang='lat' dir='ltr'><strong>Graecam</strong></span> <span class='ocrx_word' id='word_1_34' title='bbox 1090 926 1157 971; x_wconf 92' lang='lat' dir='ltr'>ma-</span> 
     </span>
     <span class='ocr_line' id='line_1_6' title="bbox 130 1019 1157 1106; baseline 0 -20"><span class='ocrx_word' id='word_1_35' title='bbox 130 1025 212 1086; x_wconf 88' lang='lat' dir='ltr'>trem</span> <span class='ocrx_word' id='word_1_36' title='bbox 244 1019 443 1087; x_wconf 78' lang='lat' dir='ltr'>Graecumue</span> <span class='ocrx_word' id='word_1_37' title='bbox 472 1024 594 1106; x_wconf 91' lang='lat' dir='ltr'>patrem</span> <span class='ocrx_word' id='word_1_38' title='bbox 618 1023 646 1085; x_wconf 91' lang='lat' dir='ltr'>si</span> <span class='ocrx_word' id='word_1_39' title='bbox 668 1020 841 1104; x_wconf 83' lang='lat' dir='ltr'>habuisset,</span> <span class='ocrx_word' id='word_1_40' title='bbox 866 1040 962 1106; x_wconf 88' lang='lat' dir='ltr'>quam</span> <span class='ocrx_word' id='word_1_41' title='bbox 985 1040 1021 1086; x_wconf 88' lang='lat' dir='ltr'>se</span> <span class='ocrx_word' id='word_1_42' title='bbox 1044 1021 1157 1086; x_wconf 86' lang='lat' dir='ltr'>iactas·</span> 
     </span>
     <span class='ocr_line' id='line_1_7' title="bbox 132 1135 1158 1219; baseline 0 -20"><span class='ocrx_word' id='word_1_43' title='bbox 132 1138 189 1218; x_wconf 85' lang='lat' dir='ltr'>set,</span> <span class='ocrx_word' id='word_1_44' title='bbox 220 1155 317 1219; x_wconf 87' lang='lat' dir='ltr'>quam</span> <span class='ocrx_word' id='word_1_45' title='bbox 339 1135 496 1219; x_wconf 89' lang='lat' dir='ltr'>gloriatus</span> <span class='ocrx_word' id='word_1_46' title='bbox 519 1138 619 1199; x_wconf 90' lang='lat' dir='ltr'>esset:</span> <span class='ocrx_word' id='word_1_47' title='bbox 644 1135 749 1200; x_wconf 91' lang='lat' dir='ltr'>hercle</span> <span class='ocrx_word' id='word_1_48' title='bbox 772 1153 878 1219; x_wconf 89' lang='lat' dir='ltr'>usque</span> <span class='ocrx_word' id='word_1_49' title='bbox 900 1154 919 1199; x_wconf 89' lang='lat' dir='ltr'>a</span> <span class='ocrx_word' id='word_1_50' title='bbox 942 1135 1070 1219; x_wconf 79' lang='lat' dir='ltr'>proavis</span> <span class='ocrx_word' id='word_1_51' title='bbox 1093 1138 1158 1199; x_wconf 84' lang='lat' dir='ltr'>ata·</span> 
     </span>
     <span class='ocr_line' id='line_1_8' title="bbox 131 1248 1230 1333; baseline 0 -22"><span class='ocrx_word' id='word_1_52' title='bbox 131 1249 247 1332; x_wconf 84' lang='lat' dir='ltr'>visque</span> <span class='ocrx_word' id='word_1_53' title='bbox 275 1267 379 1333; x_wconf 88' lang='lat' dir='ltr'>genus</span> <span class='ocrx_word' id='word_1_54' title='bbox 411 1269 508 1314; x_wconf 87' lang='lat' dir='ltr'>suum</span> <span class='ocrx_word' id='word_1_55' title='bbox 540 1253 775 1330; x_wconf 87' lang='lat' dir='ltr'>enumerasset;</span> <span class='ocrx_word' id='word_1_56' title='bbox 806 1249 969 1313; x_wconf 92' lang='lat' dir='ltr'>neminem</span> <span class='ocrx_word' id='word_1_57' title='bbox 994 1249 1079 1314; x_wconf 90' lang='lat' dir='ltr'>enim</span> <span class='ocrx_word' id='word_1_58' title='bbox 1101 1248 1158 1312; x_wconf 92' lang='lat' dir='ltr'>illo</span> <span class='ocrx_word' id='word_1_59' title='bbox 1218 1262 1230 1292; x_wconf 79' lang='lat'><strong>¹</strong></span> 
     </span>
     <span class='ocr_line' id='line_1_9' title="bbox 131 1361 1159 1428; baseline 0.001 -3"><span class='ocrx_word' id='word_1_60' title='bbox 131 1363 241 1426; x_wconf 85' lang='lat' dir='ltr'>minus</span> <span class='ocrx_word' id='word_1_61' title='bbox 272 1382 291 1426; x_wconf 90' lang='lat' dir='ltr'>a</span> <span class='ocrx_word' id='word_1_62' title='bbox 320 1363 470 1427; x_wconf 87' lang='lat' dir='ltr'>iactantia</span> <span class='ocrx_word' id='word_1_63' title='bbox 500 1362 640 1427; x_wconf 77' lang='lat' dir='ltr'>ebenum</span> <span class='ocrx_word' id='word_1_64' title='bbox 671 1362 771 1428; x_wconf 86' lang='lat' dir='ltr'>fuisse</span> <span class='ocrx_word' id='word_1_65' title='bbox 802 1382 879 1427; x_wconf 89' lang='lat' dir='ltr'>mox</span> <span class='ocrx_word' id='word_1_66' title='bbox 903 1361 1093 1427; x_wconf 87' lang='lat' dir='ltr'>videbimus.</span> <span class='ocrx_word' id='word_1_67' title='bbox 1116 1361 1159 1426; x_wconf 83' lang='lat' dir='ltr'>Et</span> 
     </span>
     <span class='ocr_line' id='line_1_10' title="bbox 132 1472 1159 1563; baseline 0.002 -22"><span class='ocrx_word' id='word_1_68' title='bbox 132 1479 190 1561; x_wconf 91' lang='lat' dir='ltr'>qui</span> <span class='ocrx_word' id='word_1_69' title='bbox 219 1479 349 1542; x_wconf 87' lang='lat' dir='ltr'>natione</span> <span class='ocrx_word' id='word_1_70' title='bbox 377 1477 517 1543; x_wconf 80' lang='lat' dir='ltr'>Graecus</span> <span class='ocrx_word' id='word_1_71' title='bbox 540 1472 632 1561; x_wconf 86' lang='lat' dir='ltr'>esset,</span> <span class='ocrx_word' id='word_1_72' title='bbox 657 1478 817 1563; x_wconf 90' lang='lat' dir='ltr'>quomodo</span> <span class='ocrx_word' id='word_1_73' title='bbox 841 1478 904 1547; x_wconf 84' lang='lat' dir='ltr'>illis</span> <span class='ocrx_word' id='word_1_74' title='bbox 929 1482 1015 1543; x_wconf 87' lang='lat' dir='ltr'>certe</span> <span class='ocrx_word' id='word_1_75' title='bbox 1038 1482 1159 1563; x_wconf 90' lang='lat' dir='ltr'>tempo·</span> 
     </span>
     <span class='ocr_line' id='line_1_11' title="bbox 131 1589 1158 1676; baseline 0 -22"><span class='ocrx_word' id='word_1_76' title='bbox 131 1590 223 1655; x_wconf 89' lang='lat' dir='ltr'>ribus</span> <span class='ocrx_word' id='word_1_77' title='bbox 246 1611 321 1656; x_wconf 89' lang='lat' dir='ltr'>cum</span> <span class='ocrx_word' id='word_1_78' title='bbox 344 1597 453 1675; x_wconf 88' lang='lat' dir='ltr'>matre,</span> <span class='ocrx_word' id='word_1_79' title='bbox 476 1596 513 1656; x_wconf 90' lang='lat' dir='ltr'>ut</span> <span class='ocrx_word' id='word_1_80' title='bbox 532 1592 645 1675; x_wconf 89' lang='lat' dir='ltr'>opinor</span> <span class='ocrx_word' id='word_1_81' title='bbox 663 1626 707 1638; x_wconf 94' lang='lat'><em>-</em></span> <span class='ocrx_word' id='word_1_82' title='bbox 726 1591 898 1676; x_wconf 77' lang='lat' dir='ltr'>parvulum</span> <span class='ocrx_word' id='word_1_83' title='bbox 918 1592 1004 1656; x_wconf 90' lang='lat' dir='ltr'>enim</span> <span class='ocrx_word' id='word_1_84' title='bbox 1024 1589 1158 1655; x_wconf 88' lang='lat' dir='ltr'>Romam</span> 
     </span>
     <span class='ocr_line' id='line_1_12' title="bbox 132 1703 1158 1790; baseline 0.003 -23"><span class='ocrx_word' id='word_1_85' title='bbox 132 1706 261 1771; x_wconf 89' lang='lat' dir='ltr'>venisse</span> <span class='ocrx_word' id='word_1_86' title='bbox 289 1724 420 1771; x_wconf 89' lang='lat' dir='ltr'>necesse</span> <span class='ocrx_word' id='word_1_87' title='bbox 451 1710 499 1770; x_wconf 93' lang='lat' dir='ltr'>est</span> <span class='ocrx_word' id='word_1_88' title='bbox 531 1707 588 1790; x_wconf 92' lang='lat' dir='ltr'>qui</span> <span class='ocrx_word' id='word_1_89' title='bbox 615 1712 680 1771; x_wconf 88' lang='lat' dir='ltr'>tam</span> <span class='ocrx_word' id='word_1_90' title='bbox 702 1704 785 1770; x_wconf 91' lang='lat' dir='ltr'>bene</span> <span class='ocrx_word' id='word_1_91' title='bbox 806 1703 920 1770; x_wconf 82' lang='lat' dir='ltr'>Latine</span> <span class='ocrx_word' id='word_1_92' title='bbox 944 1705 1092 1770; x_wconf 90' lang='lat' dir='ltr'>didicerit</span> <span class='ocrx_word' id='word_1_93' title='bbox 1114 1741 1158 1755; x_wconf 91' lang='lat'>-</span> 
     </span>
    </p>
   </div>
   <div class='ocr_carea' id='block_1_3' title="bbox 132 1818 1281 1906">
    <p class='ocr_par' dir='ltr' id='par_1_3' title="bbox 132 1818 1281 1906">
     <span class='ocr_line' id='line_1_13' title="bbox 132 1818 1281 1906; baseline 0.001 -22"><span class='ocrx_word' id='word_1_94' title='bbox 132 1818 269 1885; x_wconf 86' lang='lat' dir='ltr'>Romam</span> <span class='ocrx_word' id='word_1_95' title='bbox 299 1823 335 1885; x_wconf 96' lang='lat' dir='ltr'>in</span> <span class='ocrx_word' id='word_1_96' title='bbox 359 1822 545 1886; x_wconf 81' lang='lat' dir='ltr'>servitutem</span> <span class='ocrx_word' id='word_1_97' title='bbox 577 1820 693 1885; x_wconf 86' lang='lat' dir='ltr'>abduci</span> <span class='ocrx_word' id='word_1_98' title='bbox 715 1820 897 1906; x_wconf 84' lang='lat' dir='ltr'>potuisset?</span> <span class='ocrx_word' id='word_1_99' title='bbox 921 1819 985 1886; x_wconf 83' lang='lat' dir='ltr'>Sed</span> <span class='ocrx_word' id='word_1_100' title='bbox 1008 1821 1160 1886; x_wconf 86' lang='lat' dir='ltr'>disertius</span> <span class='ocrx_word' id='word_1_101' title='bbox 1277 1853 1281 1860; x_wconf 91' lang='lat'><em>·</em></span> 
     </span>
    </p>
   </div>
   <div class='ocr_carea' id='block_1_4' title="bbox 133 1935 1162 2362">
    <p class='ocr_par' dir='ltr' id='par_1_4' title="bbox 133 1935 1162 2362">
     <span class='ocr_line' id='line_1_14' title="bbox 134 1935 1162 2020; baseline 0.002 -21"><span class='ocrx_word' id='word_1_102' title='bbox 134 1936 230 1999; x_wconf 87' lang='lat' dir='ltr'>etiam</span> <span class='ocrx_word' id='word_1_103' title='bbox 252 1935 333 2001; x_wconf 91' lang='lat' dir='ltr'>illud</span> <span class='ocrx_word' id='word_1_104' title='bbox 356 1940 405 2000; x_wconf 90' lang='lat' dir='ltr'>est</span> <span class='ocrx_word' id='word_1_105' title='bbox 426 1936 646 2001; x_wconf 89' lang='lat' dir='ltr'>testimonium</span> <span class='ocrx_word' id='word_1_106' title='bbox 671 1935 758 2020; x_wconf 91' lang='lat' dir='ltr'>quod</span> <span class='ocrx_word' id='word_1_107' title='bbox 777 1935 874 2020; x_wconf 89' lang='lat' dir='ltr'>paulo</span> <span class='ocrx_word' id='word_1_108' title='bbox 893 1938 965 2020; x_wconf 86' lang='lat' dir='ltr'>post</span> <span class='ocrx_word' id='word_1_109' title='bbox 987 1935 1162 2020; x_wconf 89' lang='lat' dir='ltr'>deorigine</span> 
     </span>
     <span class='ocr_line' id='line_1_15' title="bbox 134 2047 1162 2133; baseline 0 -20"><span class='ocrx_word' id='word_1_110' title='bbox 134 2067 196 2113; x_wconf 87' lang='lat' dir='ltr'>sua</span> <span class='ocrx_word' id='word_1_111' title='bbox 215 2049 285 2133; x_wconf 90' lang='lat' dir='ltr'>ipse</span> <span class='ocrx_word' id='word_1_112' title='bbox 308 2049 386 2113; x_wconf 89' lang='lat' dir='ltr'>dicit</span> <span class='ocrx_word' id='word_1_113' title='bbox 407 2052 517 2133; x_wconf 59' lang='lat' dir='ltr'>potita,</span> <span class='ocrx_word' id='word_1_114' title='bbox 532 2047 573 2113; x_wconf 86' lang='lat' dir='ltr'>Se</span> <span class='ocrx_word' id='word_1_115' title='bbox 595 2050 704 2132; x_wconf 90' lang='lat' dir='ltr'>ipsum</span> <span class='ocrx_word' id='word_1_116' title='bbox 725 2047 870 2113; x_wconf 89' lang='lat' dir='ltr'>barbaris</span> <span class='ocrx_word' id='word_1_117' title='bbox 889 2047 1084 2131; x_wconf 84' lang='lat' dir='ltr'>hominibus,</span> <span class='ocrx_word' id='word_1_118' title='bbox 1104 2048 1162 2132; x_wconf 90' lang='lat' dir='ltr'>qui</span> 
     </span>
     <span class='ocr_line' id='line_1_16' title="bbox 133 2163 1161 2248; baseline 0.001 -23"><span class='ocrx_word' id='word_1_119' title='bbox 133 2163 256 2247; x_wconf 91' lang='lat' dir='ltr'>ingenii</span> <span class='ocrx_word' id='word_1_120' title='bbox 294 2168 325 2228; x_wconf 93' lang='lat' dir='ltr'>et</span> <span class='ocrx_word' id='word_1_121' title='bbox 360 2163 522 2228; x_wconf 89' lang='lat' dir='ltr'>doctrinae</span> <span class='ocrx_word' id='word_1_122' title='bbox 554 2163 650 2229; x_wconf 86' lang='lat' dir='ltr'>laude</span> <span class='ocrx_word' id='word_1_123' title='bbox 682 2164 826 2248; x_wconf 84' lang='lat' dir='ltr'>insignes</span> <span class='ocrx_word' id='word_1_124' title='bbox 859 2163 1000 2246; x_wconf 85' lang='lat' dir='ltr'>fuerunt,</span> <span class='ocrx_word' id='word_1_125' title='bbox 1033 2163 1161 2247; x_wconf 88' lang='lat' dir='ltr'>Aesopo</span> 
     </span>
     <span class='ocr_line' id='line_1_17' title="bbox 134 2274 1004 2362; baseline 0.001 -23"><span class='ocrx_word' id='word_1_126' title='bbox 134 2274 266 2361; x_wconf 79' lang='lat' dir='ltr'>Phrygi,</span> <span class='ocrx_word' id='word_1_127' title='bbox 288 2276 468 2341; x_wconf 86' lang='lat' dir='ltr'>Anaoharsi</span> <span class='ocrx_word' id='word_1_128' title='bbox 490 2275 628 2359; x_wconf 84' lang='lat' dir='ltr'>Scythae</span> <span class='ocrx_word' id='word_1_129' title='bbox 651 2277 783 2362; x_wconf 93' lang='lat' dir='ltr'>opponit</span> <span class='ocrx_word' id='word_1_130' title='bbox 805 2276 866 2341; x_wconf 93' lang='lat' dir='ltr'>hoc</span> <span class='ocrx_word' id='word_1_131' title='bbox 889 2295 1004 2341; x_wconf 85' lang='lat' dir='ltr'>versu:</span> 
     </span>
    </p>
   </div>
   <div class='ocr_carea' id='block_1_5' title="bbox 280 2436 1017 2534">
    <p class='ocr_par' dir='ltr' id='par_1_5' title="bbox 280 2436 1017 2534">
     <span class='ocr_line' id='line_1_18' title="bbox 280 2436 1017 2534; baseline -0.001 -31"><span class='ocrx_word' id='word_1_132' title='bbox 280 2457 338 2522; x_wconf 93' lang='lat' dir='ltr'>ego</span> <span class='ocrx_word' id='word_1_133' title='bbox 360 2438 505 2504; x_wconf 89' lang='lat' dir='ltr'>literatae</span> <span class='ocrx_word' id='word_1_134' title='bbox 527 2440 585 2524; x_wconf 91' lang='lat' dir='ltr'>qni</span> <span class='ocrx_word' id='word_1_135' title='bbox 609 2459 682 2504; x_wconf 89' lang='lat' dir='ltr'>sum</span> <span class='ocrx_word' id='word_1_136' title='bbox 705 2440 834 2525; x_wconf 87' lang='lat' dir='ltr'>propior</span> <span class='ocrx_word' id='word_1_137' title='bbox 858 2436 1017 2534; x_wconf 81' lang='lat' dir='ltr'>Graeciae.</span> 
     </span>
    </p>
   </div>
   <div class='ocr_carea' id='block_1_6' title="bbox 136 2613 1165 3843">
    <p class='ocr_par' dir='ltr' id='par_1_6' title="bbox 136 2613 1165 3273">
     <span class='ocr_line' id='line_1_19' title="bbox 179 2613 1162 2701; baseline 0 -22"><span class='ocrx_word' id='word_1_138' title='bbox 179 2613 268 2680; x_wconf 88' lang='lat' dir='ltr'>Num</span> <span class='ocrx_word' id='word_1_139' title='bbox 290 2634 366 2681; x_wconf 83' lang='lat' dir='ltr'>vere</span> <span class='ocrx_word' id='word_1_140' title='bbox 390 2614 539 2700; x_wconf 80' lang='lat' dir='ltr'>Graecus,</span> <span class='ocrx_word' id='word_1_141' title='bbox 564 2614 693 2681; x_wconf 80' lang='lat' dir='ltr'>Graecis</span> <span class='ocrx_word' id='word_1_142' title='bbox 716 2616 904 2701; x_wconf 89' lang='lat' dir='ltr'>parentibus</span> <span class='ocrx_word' id='word_1_143' title='bbox 928 2617 1026 2698; x_wconf 85' lang='lat' dir='ltr'>ortus,</span> <span class='ocrx_word' id='word_1_144' title='bbox 1049 2615 1094 2678; x_wconf 87' lang='lat' dir='ltr'>ita</span> <span class='ocrx_word' id='word_1_145' title='bbox 1115 2613 1162 2679; x_wconf 91' lang='lat' dir='ltr'>lo·-</span> 
     </span>
     <span class='ocr_line' id='line_1_20' title="bbox 136 2727 1165 2815; baseline 0.001 -22"><span class='ocrx_word' id='word_1_146' title='bbox 136 2733 232 2794; x_wconf 90' lang='lat' dir='ltr'>ontns</span> <span class='ocrx_word' id='word_1_147' title='bbox 255 2729 364 2795; x_wconf 80' lang='lat' dir='ltr'>esset?</span> <span class='ocrx_word' id='word_1_148' title='bbox 388 2728 543 2814; x_wconf 85' lang='lat' dir='ltr'>Minime,</span> <span class='ocrx_word' id='word_1_149' title='bbox 556 2734 592 2796; x_wconf 91' lang='lat' dir='ltr'>ut</span> <span class='ocrx_word' id='word_1_150' title='bbox 615 2732 735 2815; x_wconf 90' lang='lat' dir='ltr'>opinor.</span> <span class='ocrx_word' id='word_1_151' title='bbox 753 2729 845 2815; x_wconf 82' lang='lat' dir='ltr'>Ergo</span> <span class='ocrx_word' id='word_1_152' title='bbox 868 2731 1006 2795; x_wconf 82' lang='lat' dir='ltr'>servisse</span> <span class='ocrx_word' id='word_1_153' title='bbox 1024 2727 1165 2794; x_wconf 88' lang='lat' dir='ltr'>Phaedri</span> 
     </span>
     <span class='ocr_line' id='line_1_21' title="bbox 136 2832 1163 2929; baseline 0 -21"><span class='ocrx_word' id='word_1_154' title='bbox 136 2847 272 2909; x_wconf 89' lang='lat' dir='ltr'>matrem</span> <span class='ocrx_word' id='word_1_155' title='bbox 295 2844 381 2929; x_wconf 90' lang='lat' dir='ltr'>apud</span> <span class='ocrx_word' id='word_1_156' title='bbox 404 2832 580 2928; x_wconf 86' lang='lat' dir='ltr'>dominum,</span> <span class='ocrx_word' id='word_1_157' title='bbox 604 2846 660 2928; x_wconf 94' lang='lat' dir='ltr'>qui</span> <span class='ocrx_word' id='word_1_158' title='bbox 682 2846 716 2908; x_wconf 90' lang='lat' dir='ltr'>in</span> <span class='ocrx_word' id='word_1_159' title='bbox 736 2844 841 2909; x_wconf 90' lang='lat' dir='ltr'>Pieria</span> <span class='ocrx_word' id='word_1_160' title='bbox 859 2844 1017 2910; x_wconf 87' lang='lat' dir='ltr'>habitaret</span> <span class='ocrx_word' id='word_1_161' title='bbox 1036 2844 1087 2910; x_wconf 82' lang='lat' dir='ltr'>vel</span> <span class='ocrx_word' id='word_1_162' title='bbox 1105 2862 1163 2929; x_wconf 91' lang='lat' dir='ltr'>per</span> 
     </span>
     <span class='ocr_line' id='line_1_22' title="bbox 136 2958 1165 3044; baseline 0.001 -22"><span class='ocrx_word' id='word_1_163' title='bbox 136 2958 267 3043; x_wconf 87' lang='lat' dir='ltr'>aliquod</span> <span class='ocrx_word' id='word_1_164' title='bbox 301 2963 427 3043; x_wconf 91' lang='lat' dir='ltr'>tempus</span> <span class='ocrx_word' id='word_1_165' title='bbox 462 2964 649 3042; x_wconf 87' lang='lat' dir='ltr'>moraretur,</span> <span class='ocrx_word' id='word_1_166' title='bbox 684 2960 840 3024; x_wconf 87' lang='lat' dir='ltr'>coniicere</span> <span class='ocrx_word' id='word_1_167' title='bbox 874 2978 1065 3044; x_wconf 74' lang='lat' dir='ltr'>possumus,</span> <span class='ocrx_word' id='word_1_168' title='bbox 1099 2979 1165 3044; x_wconf 85' lang='lat' dir='ltr'>qua·</span> 
     </span>
     <span class='ocr_line' id='line_1_23' title="bbox 136 3072 1163 3157; baseline 0.002 -21"><span class='ocrx_word' id='word_1_169' title='bbox 136 3073 265 3137; x_wconf 88' lang='lat' dir='ltr'>natione</span> <span class='ocrx_word' id='word_1_170' title='bbox 294 3072 391 3138; x_wconf 82' lang='lat' dir='ltr'>fuerit</span> <span class='ocrx_word' id='word_1_171' title='bbox 423 3072 473 3138; x_wconf 91' lang='lat' dir='ltr'>vel</span> <span class='ocrx_word' id='word_1_172' title='bbox 502 3074 573 3157; x_wconf 86' lang='lat' dir='ltr'>ipsa</span> <span class='ocrx_word' id='word_1_173' title='bbox 598 3072 650 3137; x_wconf 88' lang='lat' dir='ltr'>vel</span> <span class='ocrx_word' id='word_1_174' title='bbox 673 3091 794 3156; x_wconf 87' lang='lat' dir='ltr'>servus,</span> <span class='ocrx_word' id='word_1_175' title='bbox 819 3074 876 3157; x_wconf 91' lang='lat' dir='ltr'>qui</span> <span class='ocrx_word' id='word_1_176' title='bbox 899 3093 968 3138; x_wconf 92' lang='lat' dir='ltr'>eam</span> <span class='ocrx_word' id='word_1_177' title='bbox 990 3075 1026 3137; x_wconf 95' lang='lat' dir='ltr'>in</span> <span class='ocrx_word' id='word_1_178' title='bbox 1050 3077 1163 3138; x_wconf 89' lang='lat' dir='ltr'>contu·</span> 
     </span>
     <span class='ocr_line' id='line_1_24' title="bbox 136 3186 1128 3273; baseline 0.003 -22"><span class='ocrx_word' id='word_1_179' title='bbox 136 3186 248 3253; x_wconf 89' lang='lat' dir='ltr'>bemio</span> <span class='ocrx_word' id='word_1_180' title='bbox 271 3186 410 3271; x_wconf 86' lang='lat' dir='ltr'>haberet,</span> <span class='ocrx_word' id='word_1_181' title='bbox 434 3192 467 3253; x_wconf 89' lang='lat' dir='ltr'>et</span> <span class='ocrx_word' id='word_1_182' title='bbox 488 3188 674 3272; x_wconf 89' lang='lat' dir='ltr'>ignoramus</span> <span class='ocrx_word' id='word_1_183' title='bbox 697 3192 729 3252; x_wconf 95' lang='lat' dir='ltr'>et</span> <span class='ocrx_word' id='word_1_184' title='bbox 751 3207 878 3273; x_wconf 88' lang='lat' dir='ltr'>semper</span> <span class='ocrx_word' id='word_1_185' title='bbox 899 3187 1128 3272; x_wconf 87' lang='lat' dir='ltr'>ignorabimus.</span> 
     </span>
    </p>

    <p class='ocr_par' dir='ltr' id='par_1_7' title="bbox 136 3300 1164 3843">
     <span class='ocr_line' id='line_1_25' title="bbox 182 3300 1164 3388; baseline 0.004 -23"><span class='ocrx_word' id='word_1_186' title='bbox 182 3300 245 3366; x_wconf 85' lang='lat' dir='ltr'>Sed</span> <span class='ocrx_word' id='word_1_187' title='bbox 276 3303 428 3386; x_wconf 90' lang='lat' dir='ltr'>quoniam</span> <span class='ocrx_word' id='word_1_188' title='bbox 460 3307 491 3366; x_wconf 93' lang='lat' dir='ltr'>et</span> <span class='ocrx_word' id='word_1_189' title='bbox 521 3303 590 3386; x_wconf 89' lang='lat' dir='ltr'>ipse</span> <span class='ocrx_word' id='word_1_190' title='bbox 622 3321 733 3367; x_wconf 89' lang='lat' dir='ltr'>eorum</span> <span class='ocrx_word' id='word_1_191' title='bbox 765 3322 848 3388; x_wconf 90' lang='lat' dir='ltr'>sum,</span> <span class='ocrx_word' id='word_1_192' title='bbox 876 3305 932 3387; x_wconf 90' lang='lat' dir='ltr'>qui</span> <span class='ocrx_word' id='word_1_193' title='bbox 955 3307 987 3368; x_wconf 93' lang='lat' dir='ltr'>et</span> <span class='ocrx_word' id='word_1_194' title='bbox 1005 3322 1109 3388; x_wconf 91' lang='lat' dir='ltr'>genus</span> <span class='ocrx_word' id='word_1_195' title='bbox 1132 3308 1164 3369; x_wconf 90' lang='lat' dir='ltr'>et</span> 
     </span>
     <span class='ocr_line' id='line_1_26' title="bbox 136 3415 1163 3502; baseline 0.005 -24"><span class='ocrx_word' id='word_1_196' title='bbox 136 3433 273 3498; x_wconf 83' lang='lat' dir='ltr'>proavos</span> <span class='ocrx_word' id='word_1_197' title='bbox 303 3420 335 3480; x_wconf 93' lang='lat' dir='ltr'>et</span> <span class='ocrx_word' id='word_1_198' title='bbox 367 3433 449 3499; x_wconf 90' lang='lat' dir='ltr'>quae</span> <span class='ocrx_word' id='word_1_199' title='bbox 478 3434 544 3479; x_wconf 93' lang='lat' dir='ltr'>non</span> <span class='ocrx_word' id='word_1_200' title='bbox 574 3415 710 3482; x_wconf 89' lang='lat' dir='ltr'>fecimus</span> <span class='ocrx_word' id='word_1_201' title='bbox 739 3418 804 3502; x_wconf 90' lang='lat' dir='ltr'>ipsi</span> <span class='ocrx_word' id='word_1_202' title='bbox 826 3419 884 3481; x_wconf 85' lang='lat' dir='ltr'>vix</span> <span class='ocrx_word' id='word_1_203' title='bbox 907 3423 1017 3483; x_wconf 89' lang='lat' dir='ltr'>nostra</span> <span class='ocrx_word' id='word_1_204' title='bbox 1040 3423 1163 3502; x_wconf 87' lang='lat' dir='ltr'>vocent,</span> 
     </span>
     <span class='ocr_line' id='line_1_27' title="bbox 136 3528 1163 3613; baseline 0.005 -22"><span class='ocrx_word' id='word_1_205' title='bbox 136 3540 185 3592; x_wconf 85' lang='lat' dir='ltr'>ne·</span> <span class='ocrx_word' id='word_1_206' title='bbox 204 3529 282 3593; x_wconf 90' lang='lat' dir='ltr'>haec</span> <span class='ocrx_word' id='word_1_207' title='bbox 314 3528 443 3612; x_wconf 92' lang='lat' dir='ltr'>quidem</span> <span class='ocrx_word' id='word_1_208' title='bbox 473 3529 631 3613; x_wconf 87' lang='lat' dir='ltr'>ignoratio</span> <span class='ocrx_word' id='word_1_209' title='bbox 664 3531 730 3594; x_wconf 91' lang='lat' dir='ltr'>ullo</span> <span class='ocrx_word' id='word_1_210' title='bbox 755 3549 807 3595; x_wconf 91' lang='lat' dir='ltr'>me</span> <span class='ocrx_word' id='word_1_211' title='bbox 830 3531 949 3595; x_wconf 85' lang='lat' dir='ltr'>doloris</span> <span class='ocrx_word' id='word_1_212' title='bbox 974 3550 1071 3597; x_wconf 90' lang='lat' dir='ltr'>sensu</span> <span class='ocrx_word' id='word_1_213' title='bbox 1096 3530 1163 3596; x_wconf 90' lang='lat' dir='ltr'>affi-</span> 
     </span>
     <span class='ocr_line' id='line_1_28' title="bbox 137 3640 1164 3729; baseline 0.009 -25"><span class='ocrx_word' id='word_1_214' title='bbox 137 3642 189 3707; x_wconf 87' lang='lat' dir='ltr'>cit</span> <span class='ocrx_word' id='word_1_215' title='bbox 211 3640 299 3706; x_wconf 93' lang='lat' dir='ltr'>Illud</span> <span class='ocrx_word' id='word_1_216' title='bbox 317 3643 420 3727; x_wconf 88' lang='lat' dir='ltr'>magis</span> <span class='ocrx_word' id='word_1_217' title='bbox 439 3642 530 3707; x_wconf 95' lang='lat' dir='ltr'>doleo</span> <span class='ocrx_word' id='word_1_218' title='bbox 552 3644 639 3728; x_wconf 90' lang='lat' dir='ltr'>quod</span> <span class='ocrx_word' id='word_1_219' title='bbox 658 3663 741 3729; x_wconf 87' lang='lat' dir='ltr'>quae</span> <span class='ocrx_word' id='word_1_220' title='bbox 759 3645 834 3709; x_wconf 88' lang='lat' dir='ltr'>illae</span> <span class='ocrx_word' id='word_1_221' title='bbox 852 3644 973 3710; x_wconf 83' lang='lat' dir='ltr'>fuerint</span> <span class='ocrx_word' id='word_1_222' title='bbox 992 3665 1164 3713; x_wconf 84' lang='lat' dir='ltr'>aerumnae</span> 
     </span>
     <span class='ocr_line' id='line_1_29' title="bbox 139 3753 1163 3843; baseline 0.008 -24"><span class='ocrx_word' id='word_1_223' title='bbox 139 3753 335 3839; x_wconf 84' lang='lat' dir='ltr'>quibuscum</span> <span class='ocrx_word' id='word_1_224' title='bbox 353 3775 411 3843; x_wconf 89' lang='lat' dir='ltr'>per</span> <span class='ocrx_word' id='word_1_225' title='bbox 429 3760 528 3822; x_wconf 89' lang='lat' dir='ltr'>totam</span> <span class='ocrx_word' id='word_1_226' title='bbox 547 3758 646 3822; x_wconf 83' lang='lat' dir='ltr'>vitam</span> <span class='ocrx_word' id='word_1_227' title='bbox 666 3757 884 3825; x_wconf 87' lang='lat' dir='ltr'>conflictatum</span> <span class='ocrx_word' id='word_1_228' title='bbox 900 3779 971 3827; x_wconf 93' lang='lat' dir='ltr'>esse</span> <span class='ocrx_word' id='word_1_229' title='bbox 982 3761 1163 3828; x_wconf 86' lang='lat' dir='ltr'>Phaedrum</span> 
     </span>
    </p>
   </div>
   <div class='ocr_carea' id='block_1_7' title="bbox 0 0 1353 4290">
    <p class='ocr_par' dir='ltr' id='par_1_8' title="bbox 0 0 1353 4290">
     <span class='ocr_line' id='line_1_30' title="bbox 0 0 1353 4290; baseline 0 0"><span class='ocrx_word' id='word_1_230' title='bbox 0 0 1353 4290; x_wconf 95' lang='lat' dir='ltr'> </span> 
     </span>
    </p>
   </div>
  </div>
 </body>
</html>
