2676 4290
650 329 693 393 14

151 517 300 601 clemens,
334 516 452 582 multos
483 515 672 582 libertorum
693 517 728 580 in
750 517 872 581 honore
895 520 928 581 et
949 536 1014 582 usu
1039 518 1181 582 maximo

150 630 271 716 habuit,
293 635 330 696 ut
352 630 502 695 Licinum
526 635 558 696 et
583 628 735 696 Celadum
758 631 911 715 aliosque.
936 628 1089 696 Cosmum
1114 650 1181 696 ser·

152 765 240 828 rum,
261 746 451 830 gravissime
474 744 513 808 de
536 763 570 810 se
590 745 773 828 opinantem
792 763 858 808 non
878 743 964 809 ultra
985 764 1082 828 quam
1095 763 1181 808 eom-

151 858 290 942 pedibus
313 860 462 924 coercuit.
486 856 666 923 Diomeden
686 858 947 942 dispensatorem,
967 879 986 922 a
1006 878 1070 942 quo
1083 859 1181 924 simul

153 972 339 1038 ambulante
361 974 538 1038 incurrenti
560 977 690 1056 repente
712 972 780 1037 fero
803 992 879 1057 apro
902 992 960 1058 per
982 976 1103 1038 metum
1127 971 1183 1037 ob-

153 1087 256 1152 iectus
279 1090 336 1170 est,
359 1086 473 1151 maluit
495 1086 675 1151 timiditatis
699 1105 833 1171 arguere
856 1107 954 1171 quam
973 1105 1183 1170 noxae,rem-

156 1221 219 1285 que
252 1221 319 1288 non
345 1202 472 1265 minimi
498 1201 642 1285 periculi,
665 1202 741 1284 quia
763 1204 871 1265 tamen
895 1199 985 1265 fraus
1008 1199 1126 1283 aberat,
1148 1201 1184 1262 in

154 1317 263 1380 iocum
285 1316 389 1380 vertit.
411 1314 502 1380 Idem
525 1314 640 1379 Polum
661 1334 703 1380 ex
723 1315 952 1399 acceptissimis
964 1313 1088 1378 libertis
1102 1312 1186 1376 mori

155 1431 260 1514 coegit
282 1434 480 1514 compertum
503 1429 682 1495 adulterare
706 1435 885 1494 matronas:
905 1428 1016 1493 Thallo
1037 1449 1056 1493 a
1076 1448 1185 1509 manu,

156 1543 243 1627 quod
265 1562 323 1628 pro
343 1544 476 1628 epistola
495 1544 620 1628 prodita
633 1544 781 1609 denarios
795 1545 989 1628 quingentos
1001 1544 1184 1628 accepisset,

156 1677 249 1722 crura
273 1657 325 1743 [ei]
349 1656 461 1743 fregit;
485 1658 707 1743 paedagogum
731 1659 960 1742 ministrosque
984 1654 1016 1721 0.
1037 1655 1104 1740 filii,
1128 1675 1185 1741 per

150 1772 355 1836 'occasionem
374 1772 567 1837 valetudinis
584 1773 760 1856 mortisque
779 1773 849 1836 eius
869 1771 1006 1856 superbe
1025 1790 1185 1855 avareque

157 1886 193 1949 in
214 1887 379 1970 provincia
397 1889 568 1970 grassatos,
587 1889 734 1951 oneratos
749 1888 841 1971 gravi
851 1886 992 1971 pondere
1005 1884 1185 1951 cervicibus

158 2001 380 2084 praecipitarit
402 2001 438 2063 in
460 1998 613 2065 flumen.''

208 2111 375 2178 Civitatem
407 2115 584 2198 peregrinis
608 2114 682 2179 dare
705 2118 736 2179 et
758 2133 867 2180 servos
890 2115 1115 2178 manumittere
1136 2132 1189 2178 res

160 2231 237 2291 sunt
271 2228 414 2292 eiusdem
447 2230 592 2312 generis:
630 2229 687 2312 qui
718 2247 793 2313 ergo
822 2228 857 2291 in
881 2228 940 2292 hae
971 2247 1103 2293 severus
1126 2227 1188 2292 fuit

158 2359 234 2406 eum
267 2360 374 2425 neque
408 2342 443 2404 in
478 2341 535 2405 illa
565 2341 781 2426 negligentem
811 2340 912 2406 fuisse
936 2345 1188 2406 consentaneum

159 2459 224 2536 est;
246 2457 303 2539 qui
321 2457 357 2519 in
375 2455 430 2519 illa
450 2439 627 2521 dissolutus
646 2455 709 2521 fuit
728 2455 805 2540 quid
826 2474 901 2520 eum
917 2457 951 2519 in
963 2455 1024 2519 hac
1035 2453 1189 2519 Catonem

157 2567 259 2634 fuisse
291 2568 484 2634 credamus?
515 2568 584 2634 Iam
616 2573 738 2653 quanta
769 2569 965 2654 negligentia
996 2570 1188 2654 posteriores

159 2684 319 2768 principes
339 2684 501 2749 civitatem
518 2683 696 2749 Romanam
715 2683 757 2747 ad
768 2684 1010 2768 indignissimos
1021 2685 1189 2767 pervenire

160 2799 247 2882 passi
271 2798 336 2862 sint
359 2797 454 2862 multi
474 2797 604 2881 quidem
625 2801 769 2863 veterum
790 2797 853 2861 loci
873 2797 996 2880 docent,
1009 2797 1188 2862 sednnllus

160 2911 277 2977 melius
308 2931 406 2996 quam
439 2930 535 2995 quem
555 2911 607 2974 hic
630 2910 759 2975 afferam
782 2914 819 2975 ut
842 2911 872 2974 ei
895 2910 992 2975 simul
1014 2911 1188 2994 pristinum

161 3025 328 3090 restituam
351 3027 497 3089 nitorem.
521 3022 637 3088 Narrat
654 3023 782 3089 Tacitus
802 3024 898 3101 (Anu.
909 3023 969 3107 111,
981 3024 1035 3105 40)
1056 3024 1097 3089 de
1118 3025 1190 3108 qui-

162 3137 299 3203 busdam
324 3138 424 3203 Gadis
447 3136 549 3202 nobili
567 3157 684 3223 genere
702 3138 875 3223 prognatis,
895 3157 1034 3221 quorum
1053 3138 1191 3202 maiores

164 3253 283 3336 optime
295 3251 334 3317 de
344 3250 521 3336 Republica
531 3249 676 3316 Romana
687 3251 793 3316 meriti
804 3252 933 3334 fuerint,
941 3251 1094 3334 additque
1102 3251 1189 3316 haec:

296 3385 399 3450 eoque
422 3364 568 3431 Romana
591 3366 704 3430 civitas
728 3366 805 3429 olim
829 3364 903 3429 data
921 3384 1024 3448 quum
1034 3365 1069 3429 id
1080 3384 1191 3431 rarum

251 3499 312 3545 nec
335 3481 398 3545 nisi
420 3480 534 3544 virtuti
555 3480 694 3564 pretium
718 3482 811 3545 esset.

208 3592 415 3658 Vocabulum
443 3593 581 3674 pretinm
603 3592 656 3655 hic
677 3610 736 3676 pro
752 3591 933 3675 proemium
954 3592 1097 3675 positum
1121 3609 1191 3655 esse

165 3707 194 3773 si
227 3709 301 3794 quis
336 3709 508 3773 contendat
543 3707 691 3792 equidem
726 3724 793 3770 non
823 3724 947 3791 negem.
978 3705 1081 3770 Multa
1104 3707 1191 3770 enim
