2676 4290
607 352 652 417 25

168 539 251 606 Nam
274 557 381 624 noque
402 541 438 604 in
463 539 592 624 vulgata
614 539 750 604 lectione
771 537 932 603 rocrrcradr‘
950 538 1151 623 toccanequa

123 657 160 720 in
187 654 315 721 Graevii
339 653 560 719 emendatione
578 653 743 718 narrantis
766 654 851 718 iocus
873 653 1034 737 acquiesci
1055 671 1151 738 possa

123 769 204 833 mihi
237 771 373 833 constat.
407 766 482 832 Non
516 769 603 832 enim
639 767 734 832 credo
765 767 850 831 iocm
881 767 945 831 dici
975 783 1069 851 posse
1091 784 1149 850 pro

124 879 249 946 iocandi
281 899 346 964 ors,
380 881 468 964 quod
493 884 613 966 nostro
647 879 718 945 loco
748 879 815 945 fere
837 881 923 945 idem
947 883 1032 945 esset
1054 883 1150 963 atque

123 995 283 1080 inpertiam
305 998 337 1059 et
357 1013 503 1057 omsuwm
525 992 744 1076 faciendorum
759 993 888 1078 paritio.
913 992 967 1057 An
990 991 1071 1056 forte
1089 992 1151 1057 hoc

125 1109 231 1174 dicere
265 1113 412 1173 nostrum
446 1112 557 1192 putas:
593 1125 809 1192 „quacunque
839 1125 914 1192 ergo
945 1110 1012 1171 arte
1041 1104 1151 1171 fabula

124 1226 174 1288 est
204 1222 387 1306 composita,
417 1221 486 1286 sive
513 1220 674 1306 eleganter
701 1226 733 1286 et
756 1220 869 1305 lepide,
889 1220 957 1286 sive
979 1220 1151 1286 invenuste

124 1341 156 1402 et
177 1337 293 1420 inepte,
317 1335 395 1399 dum
415 1335 519 1420 capiat
535 1352 647 1399 aurem
666 1338 698 1399 et
717 1338 822 1398 servet
831 1333 1031 1419 propositum
1045 1352 1152 1428 suum,

123 1469 160 1515 rc
189 1449 442 1532 commendatur,
473 1468 539 1513 non
569 1450 709 1513 auctoris
731 1445 908 1512 nominc''?
933 1445 1023 1524 Quae
1045 1445 1151 1532 neque

124 1562 207 1628 bene
241 1563 411 1627 cohaerent
445 1567 476 1627 et
510 1561 648 1626 ridicula
680 1560 840 1626 videntur.
876 1558 940 1637 Qui
971 1561 1057 1626 enim
1078 1561 1175 1626 fieri*

124 1680 230 1762 potest
264 1680 301 1741 ut
329 1674 439 1740 fabula
471 1675 555 1740 male
584 1675 669 1739 facta
701 1681 808 1739 tamen
842 1675 964 1759 „capiat
994 1673 1150 1740 aurem”i

125 1788 275 1875 Denique
306 1809 408 1874 quum
439 1790 534 1854 toties
564 1794 674 1854 noster
696 1787 888 1853 vocabulum
910 1788 996 1852 morra
1017 1807 1074 1872 pro
1098 1786 1151 1870 fa·

125 1903 199 1969 taor
245 1904 398 1989 posuerit,
446 1902 593 1987 illudque
635 1903 755 1987 optime
796 1902 988 1987 respondeat
1030 1901 1151 1967 Graeco

125 2015 263 2082 Αἰσώπου
292 2022 415 2100 γελοῖον,
447 2017 528 2101 quin
557 2016 610 2080 hic
641 2034 772 2100 quoque
802 2014 914 2081 eodem
941 2032 1040 2081 sensu
1063 2015 1151 2080 adhi-

124 2130 238 2196 beatur
259 2130 392 2195 minimo
416 2128 536 2194 dubito.
560 2128 635 2194 Sive
659 2148 734 2214 ergo
757 2129 897 2214 legimus

259 2282 447 2366 quicunque
466 2279 566 2345 fuerit
587 2298 663 2364 ergo
687 2280 867 2345 narrandus
890 2281 983 2345 iocus

126 2397 195 2460 sivo

262 2509 449 2592 quicunque
470 2506 569 2572 fuerit
592 2526 667 2592 ergo
692 2511 840 2573 narratus
862 2510 954 2574 iocus
988 2559 990 2565 ,

128 2623 197 2689 sive

261 2735 449 2819 quicunque
471 2733 568 2799 fuerit
591 2734 666 2821 orgo
689 2738 834 2799 narrator
855 2735 918 2799 ioci

130 2911 292 2997 scriptoris
326 2911 483 2975 sententia
518 2909 692 2974 admodum
723 2914 772 2974 est
805 2911 984 2995 perspicua.
1017 2908 1079 2975 Sed
1110 2909 1150 2975 ab

127 3024 219 3090 initio
242 3027 423 3108 repetamus
446 3028 708 3108 argumentorum
733 3025 858 3106 seriem,
882 3045 946 3109 qua
967 3025 1150 3108 poetahuc

128 3157 232 3223 usque
262 3157 342 3202 usus
372 3139 427 3201 eat.
458 3135 508 3200 Ita
539 3136 654 3202 melius
682 3136 863 3202 videbimus
887 3137 967 3222 quid
990 3136 1029 3202 dc
1052 3138 1151 3204 totius

126 3252 202 3318 libri
224 3251 357 3318 secundi
378 3256 496 3316 natura
518 3252 588 3336 ipse
612 3250 729 3316 doceat.
823 3315 827 3323 ,

128 3395 275 3407 ..—

127 3463 174 3516 ioc.
188 3462 318 3530 Suspicari
334 3477 394 3530 erpo
411 3463 491 3529 possis
509 3463 624 3528 primum
642 3477 688 3528 pro
704 3468 821 3512 narrator
838 3462 887 3512 tori
904 3463 1151 3514 lectumesserrarra

128 3557 167 3606 ior
192 3555 249 3620 r'ori,
272 3554 350 3620 idque
373 3570 388 3606 a
410 3555 514 3606 librario
537 3555 573 3606 ita
595 3569 650 3607 esse
672 3559 816 3606 correctum
834 3558 865 3605 ut
881 3555 1064 3619 importunum
1081 3555 1152 3607 istud

128 3647 167 3698 ior
192 3652 328 3711 tamquam
353 3647 552 3712 dittographiam
578 3648 698 3700 obiiceret
722 3651 760 3706 et
774 3660 806 3696 ex
832 3663 909 3697 narra
930 3647 980 3696 r'oca'
997 3645 1110 3699 efficeret
1127 3647 1153 3698 id

129 3739 200 3806 quod
216 3752 288 3791 nunc
303 3737 438 3790 habemus.
