2676 4290
647 310 688 372 92

153 515 250 581 quam
273 515 335 561 nos
353 496 489 561 iuvenes
508 496 673 580 imperitos
694 496 921 580 compellerent
939 496 1066 580 ingenii
1077 495 1188 580 inopia

152 610 371 694 temporisque
404 610 571 694 angustiae
597 610 684 673 ‘mira
716 609 847 693 quidem
871 627 923 674 res
947 613 996 673 eet
1019 609 1078 674 sed
1102 600 1187 674 vera

152 722 251 787 Haud
281 742 355 788 raro
386 724 471 788 enim
503 722 591 786 locos
620 724 666 787 ita
688 743 707 786 a
729 721 877 787 Bentleio
902 722 1091 788 emendatos
1115 741 1188 788 esse

152 835 352 900 demonstrat
373 835 495 900 Harius
516 840 553 900 ut
572 839 761 920 argumenta
782 853 799 900 e
818 835 924 900 lexico
935 839 1075 920 peteret3
1089 837 1187 901 cuius

91 963 94 968 ·
151 950 200 1013 rei
221 949 282 1013 hoc
305 949 395 1014 affert
417 953 542 1013 certum
565 949 723 1014 indicium
747 949 834 1032 quod
856 949 919 1013 loci
939 968 958 1013 a
976 948 1126 1015 Bentleio
1148 950 1188 1015 ad

153 1063 385 1128 defendendam
416 1063 671 1129 emendationem
703 1063 792 1128 allati
822 1064 933 1129 eodem
962 1063 1075 1130 ordine
1098 1065 1189 1151 apud

152 1175 336 1241 Bentleium
368 1178 457 1241 etin
480 1175 634 1260 Stephani
656 1177 807 1241 thesauro
830 1177 988 1261 legantur.
1011 1176 1082 1242 Iam
1105 1178 1189 1243 haec

153 1308 228 1354 cum
251 1290 364 1354 lexicis
388 1290 567 1354 coniuratio
592 1291 677 1354 siin
701 1289 809 1374 aliqua
833 1291 1055 1356 emendatione
1073 1292 1189 1378 depre-

151 1403 304 1469 henditur
327 1422 392 1467 non
414 1404 619 1489 estamplius
640 1404 878 1489 quaerendum:
900 1407 1047 1470 convicta
1066 1408 1188 1472 erroris

151 1522 200 1583 est
233 1522 265 1582 et
287 1518 507 1585 condemnata.
530 1517 617 1583 Vera
640 1518 726 1584 enim
750 1522 782 1584 et
804 1524 891 1583 certa
914 1518 1094 1585 emendatio
1117 1540 1189 1585 non
1239 1524 1242 1531 '

152 1635 225 1717 eget
258 1631 440 1696 lexicorum
463 1632 649 1697 indicumve
672 1631 834 1697 subsidio:
860 1633 958 1698 simul
980 1634 1128 1698 nascitur
1151 1636 1187 1698 in

153 1747 255 1810 critici
288 1750 395 1811 mente
428 1749 459 1810 et
489 1764 599 1810 secum
629 1747 815 1811 memoriam
846 1750 959 1811 evocat
982 1748 1082 1812 unius
1105 1747 1187 1813 duo·

151 1882 267 1928 rumve
297 1862 442 1927 locorum
474 1861 593 1948 quibus
623 1861 804 1927 illustratur
826 1862 930 1946 magis
954 1882 1052 1945 quam
1077 1863 1187 1929 defen-

154 1975 250 2039 ditur.
270 1974 378 2051 Quum
399 1976 485 2040 enim
505 1976 610 2040 omnis
622 1976 726 2039 virtue
738 1978 808 2038 tum
821 1975 1053 2040 emendationis
1064 1976 1186 2042 veritas

154 2093 256 2154 semet
285 2090 355 2173 ipsa
386 2089 477 2154 nullo
508 2092 642 2174 patrono
675 2089 801 2173 egregie
832 2091 949 2153 tuetur.
981 2087 1059 2153 Tam
1090 2108 1187 2174 saepe

153 2207 260 2267 autem
293 2204 328 2266 in
358 2204 477 2267 vitium
508 2202 596 2287 quod
628 2201 724 2266 modo
746 2202 887 2266 indicari
909 2201 1063 2267 incidisse
1086 2202 1187 2268 Bent-

152 2315 252 2381 leium
283 2315 405 2380 Harius
429 2316 627 2381 demonstrat
649 2320 687 2380 ut
712 2317 768 2400 qui
792 2315 886 2400 plura
909 2315 949 2381 do
971 2316 1026 2380 illo
1050 2317 1186 2383 crimine

151 2447 345 2512 cognoscere
376 2428 453 2494 velit
484 2429 514 2493 ei
545 2430 615 2513 ipsa
639 2430 681 2493 sit
703 2428 796 2492 Harii
820 2428 954 2514 epistola
976 2430 1186 2512 inspicienda.

152 2538 215 2605 Sed
249 2561 353 2605 unum
387 2542 572 2626 exemplum
606 2540 646 2605 ab
680 2541 780 2605 Haric
811 2541 970 2626 prolatum
1002 2542 1055 2606 hic
1080 2543 1183 2608 citabo

152 2672 217 2736 quo
252 2654 369 2719 melius
405 2655 501 2719 etiam
533 2655 685 2740 aequales
716 2656 819 2720 nostri
850 2655 980 2720 videant
1012 2675 1111 2738 quam
1143 2658 1209 2722 sit-

151 2768 210 2830 arti
243 2768 371 2833 criticae
401 2767 552 2834 funestus
573 2769 753 2834 lonicorum
777 2789 868 2835 usus.
890 2769 1029 2836 Phaedri
1051 2790 1183 2837 versum

284 2929 379 2996 fatale
402 2931 539 2996 exitium
563 2932 658 2996 corde
681 2932 796 2997 durato
818 2931 919 2998 feram

151 3111 199 3174 sic
223 3109 371 3174 emendat
392 3108 561 3173 Bentleius

284 3283 379 3350 fatale
399 3288 551 3350 eventum
574 3284 669 3350 corde
692 3285 806 3350 durato
829 3284 929 3350 feram

153 3473 185 3535 et
209 3470 249 3533 ad
272 3471 526 3535 emendationem
552 3490 643 3535 suam
666 3470 864 3554 probandam
885 3471 975 3535 affert
995 3490 1012 3535 e
1033 3469 1186 3537 Cicerone

153 3583 194 3646 de
216 3581 292 3646 Har.
316 3582 409 3667 Resp.
435 3582 467 3646 0.
491 3582 555 3646 IV:
584 3583 638 3665 „R
662 3583 717 3647 ille
740 3583 855 3668 Scipio,
875 3585 932 3668 qui
950 3583 1186 3669 Carthaginem,

154 3696 247 3782 quasi
277 3696 365 3761 fatali
396 3701 524 3781 eventu,
557 3699 646 3763 solus
659 3698 661 3702 ”
676 3697 820 3763 evertit.'’
852 3697 896 3782 Si,
919 3699 953 3763 id
977 3698 1065 3782 quod
1089 3701 1185 3764 unice
