2676 4290
701 350 765 412 122

248 532 422 619 Ingeniosa
456 535 679 601 emendatione
711 556 760 600 rs
793 537 816 600 8
849 536 990 600 correxit
1022 532 1242 600 Halbertsma

206 652 348 713 nostras:
371 668 429 734 pro
450 649 532 730 torte
553 651 639 715 enim
661 650 835 735 legendnm
857 669 929 716 osse
952 649 1033 714 vidit
1055 655 1139 714 arte

248 759 343 846 xm,
366 763 418 827 19.
440 761 545 829 Sonsu
567 783 696 829 cassum
719 763 847 829 videtur

338 904 505 988 oriturque
526 922 642 968 sensus
664 904 850 988 impotentis
875 902 1033 989 cupiditas

204 1027 262 1092 sed
283 1027 362 1112 quid
383 1027 557 1113 legendum
579 1030 623 1093 sit
646 1047 698 1094 me
719 1028 811 1114 fugit

249 1139 341 1224 XIV,
365 1141 395 1225 1,
418 1142 449 1205 5.

336 1281 444 1346 Unam
466 1281 657 1367 expetebant
678 1283 837 1367 virginem
860 1284 995 1346 iuvenes
1017 1281 1102 1362 duo;

336 1395 415 1460 vicit
436 1395 581 1481 locuples
603 1415 707 1480 genus
729 1401 762 1460 et
782 1395 917 1461 formam
941 1395 1104 1480 pauperis.

338 1508 383 1574 Ut
405 1511 592 1595 nuptiarum
614 1511 720 1577 dictus
742 1510 873 1577 advenit
896 1510 974 1588 dies,

337 1642 449 1689 amans
471 1624 612 1690 dolorem
636 1626 713 1710 quia
735 1645 800 1689 non
823 1628 947 1709 poterat
969 1624 1103 1708 perpeti,

337 1756 483 1802 maerens
505 1739 703 1823 propinquos
725 1737 864 1803 contulit
887 1755 922 1803 se
943 1737 980 1801 in
999 1735 1158 1802 hortulos.

248 1873 331 1940 Mira
360 1874 515 1943 brevitate
544 1879 672 1962 insigne
697 1881 747 1942 est
768 1878 959 1941 narrationis
980 1874 1120 1939 initium.
1144 1873 1237 1939 Vere

203 1994 363 2054 amantem
385 1991 472 2054 enim
493 1990 595 2055 fuisse
616 2009 788 2075 pauperem
807 2008 942 2074 procum
961 2007 1027 2053 non
1047 1986 1125 2052 dicit
1136 1991 1236 2072 potita

202 2103 260 2168 sed
290 2103 501 2169 divinandum
522 2105 633 2170 lectori
654 2104 816 2190 relinquit
840 2103 993 2189 Aliquem
1015 2120 1148 2167 vorsum
1173 2120 1245 2172 ex·.

203 2217 319 2282 cidisse
342 2237 407 2282 non
431 2221 480 2284 est
500 2217 721 2304 improbabile.

245 2330 319 2396 XV.
341 2331 479 2416 Turpem
501 2332 665 2397 dominam
686 2331 822 2397 ridicule
845 2349 880 2397 se
903 2333 1115 2396 exornantem
1141 2329 1234 2396 ludit

202 2446 351 2531 Aesopus
375 2446 510 2512 dicendo

337 2584 472 2663 Quidvis
495 2584 614 2652 efficies
636 2585 759 2651 cultum
782 2584 812 2650 si
833 2584 1027 2670 deposueris

247 2721 352 2812 Rogat
377 2726 433 2792 illa

335 2877 468 2943 Adeone
491 2878 601 2944 videor
623 2877 683 2943 tibi
704 2896 761 2963 per
783 2895 836 2944 me
857 2873 1075 2942 meliuscula?

247 3012 431 3100 Respondet
456 3016 607 3102 Aesopus

335 3153 448 3237 Immo,
471 3155 505 3217 ni
528 3153 663 3238 dederis,
686 3153 808 3239 sponda
830 3150 968 3219 cessabit
988 3156 1053 3217 tua

246 3278 384 3345 Videtur
404 3279 516 3345 ludere
537 3279 636 3345 verbo
659 3279 838 3362 deposuere
858 3278 1125 3366 Aesopus·quod
1147 3278 1237 3346 deri-

100 3381 104 3387 ’
204 3393 326 3459 dendae
348 3394 494 3460 dominae
515 3396 617 3481 gratia
639 3395 685 3460 ita
707 3396 935 3480 interpretatur
958 3394 1052 3481 quasi
1074 3392 1162 3459 idem
1189 3396 1236 3461 sit

204 3508 291 3593 quod
313 3507 443 3574 dederis
895 3514 898 3519 '

243 3620 368 3687 XVIII.
399 3621 519 3689 Servus
549 3622 706 3709 fugitivus
729 3622 769 3688 ab
791 3623 920 3709 Aesopo
942 3624 1159 3708 interrogatus
1190 3624 1234 3690 de

202 3739 287 3802 sorte
309 3755 369 3803 suo
392 3737 439 3803 sio
464 3737 629 3823 queritur:
