2676 4290
694 306 736 370 62

239 489 378 557 Prorsus
412 491 484 556 eliis
519 489 625 556 verbis
659 489 726 557 fere
764 492 851 557 idem
881 491 975 558 docet
1005 492 1158 559 Perotto:
1180 489 1235 560 Dc

196 599 353 670 dimotae
381 608 482 686 poeta,
509 610 539 668 et
560 603 645 689 quod
666 603 755 670 bomo
776 604 891 670 obtato
913 609 942 670 et
965 604 1112 672 doctina
1131 626 1231 688 praa-

196 718 282 784 ditus
304 719 408 784 oracio
430 739 491 784 suo
509 738 613 784 mcum
636 718 734 784 tabet.

243 832 307 914 „At
337 831 445 897 enim'’
478 832 598 898 dixerit
627 834 727 898 lector
755 833 844 898 hisce
874 834 1050 917 recensitis,
1084 839 1234 916 „restent

196 947 303 1009 tumen
325 933 464 1027 quinque
485 944 623 1020 fabulae,
646 964 787 1030 quorum
806 952 975 1032 praecepta
994 967 1014 1011 a
1032 946 1165 1014 Porotto
1184 951 1233 1015 itu

194 1058 367 1124 traduntur
400 1064 437 1123 ut
466 1059 632 1124 levissima
662 1061 843 1124 mutatione
865 1078 907 1125 ex
928 1061 971 1126 iis
994 1059 1076 1126 effici
1100 1063 1233 1146 possint

194 1172 346 1236 versiculi
381 1191 463 1256 quos
493 1191 582 1236 nunc
612 1171 779 1237 Phaedrus
804 1170 932 1237 habet.''
954 1172 1065 1258 Atque
1088 1175 1135 1239 ita
1158 1194 1232 1242 rem

193 1304 228 1351 se
259 1285 376 1351 habere
405 1287 539 1351 minime
560 1305 652 1371 nego.
675 1285 739 1351 Sed
761 1290 906 1371 praestat
928 1285 1054 1353 fabulas
1078 1307 1166 1372 quae
1190 1309 1231 1355 eo

194 1401 356 1484 pertinent
377 1399 528 1465 indicare.

238 1511 272 1576 L
296 1511 356 1597 IH,
381 1513 431 1577 15.
454 1512 584 1578 Perotto
607 1532 665 1598 pro
689 1513 869 1598 epimythio

326 1687 389 1753 His
413 1688 614 1753 demonstare
636 1687 740 1753 voluit
762 1690 874 1789 auctor
896 1685 1049 1753 versibus

328 1801 482 1869 obsistere
504 1802 650 1867 homiues
672 1800 809 1886 legibus,
834 1802 957 1867 meritis
982 1803 1055 1886 capi

194 1978 340 2064 pedestre
366 1979 427 2043 hoc
449 1976 545 2043 habet
565 1977 803 2063 promythium:
828 1976 949 2042 obstare
973 1996 1064 2058 saepe
1086 1975 1235 2046 domines

193 2091 396 2158 naturalitus
417 2090 543 2175 lapibus,
567 2090 685 2156 meritis
709 2090 788 2171 copi.

238 2204 272 2270 L.
295 2205 355 2288 III,
379 2205 431 2270 16.
453 2203 673 2290 Praeceptum,
697 2203 784 2288 quod
804 2203 890 2288 apud
901 2202 1086 2270 Phaedrum
1097 2202 1236 2273 fabulae

195 2319 409 2403 praemissum
432 2322 499 2383 est:

328 2493 534 2559 Humanitati
557 2493 614 2577 qui
637 2510 672 2557 so
695 2511 762 2556 non
785 2489 1012 2574 accommodat,

328 2607 520 2691 plerumque
541 2624 660 2690 poenas
684 2605 804 2689 oppetit
826 2601 994 2689 superbiae

241 2773 288 2837 sic
311 2770 448 2836 traditur
470 2770 506 2834 in
528 2769 596 2835 cod
619 2767 667 2832 V:
687 2787 751 2833 non
773 2787 837 2832 esse
858 2771 970 2848 sponte
989 2765 1122 2849 obruit
1168 2766 1176 2782 '

196 2884 271 2950 dom
292 2884 464 2964 iniuriam
484 2902 560 2947 com
583 2883 640 2965 qui
661 2880 858 2947 humanitati
879 2901 912 2946 sc
934 2899 998 2945 non
1010 2880 1232 2962 accommodat,

194 2997 380 3083 parumque
398 3015 517 3077 poenos
540 2995 598 3060 dot
618 2993 789 3076 superbiae.

241 3111 276 3177 L.
298 3111 358 3196 III,
383 3110 433 3175 17.
466 3109 552 3188 Quid
575 3109 686 3174 doceat
707 3107 817 3174 fabule
839 3108 879 3173 de
902 3106 1071 3173 arboribus
1095 3108 1131 3171 in
1154 3106 1233 3175 deo·

197 3246 271 3291 rum
291 3225 393 3291 tutela
415 3223 502 3309 apud
523 3222 706 3288 Phaedrum
728 3223 790 3288 hoc
814 3222 976 3288 versiculo
1000 3220 1152 3287 docetur:
1260 3286 1266 3293 ,

330 3401 387 3466 Nil
409 3419 503 3486 agore
527 3399 615 3485 quod
637 3418 704 3464 non
726 3399 827 3484 prosit
847 3397 963 3465 fabella
986 3398 1153 3464 admonet

243 3564 306 3630 Pro
336 3582 373 3629 eo
403 3565 439 3628 in
470 3562 539 3629 cod.
569 3561 601 3627 V
622 3563 757 3648 legitur:
779 3560 861 3628 cciiii
882 3546 1037 3645 sporadum
1058 3579 1124 3626 ease
1146 3561 1237 3644 quod

200 3697 266 3745 ooo
284 3678 399 3760 prosit.
