2676 4290
613 368 677 432 123

211 554 239 618 6.
261 553 380 639 Plagae
403 559 585 641 supersunt,
608 555 725 621 desunt
747 553 827 618 mihi
849 552 985 636 cibaria;

263 666 400 733 subinde
422 669 464 733 ad
485 669 596 734 villam
618 670 728 734 mittor
750 669 819 732 sine
840 668 966 733 viatico.

261 778 359 846 Domi
381 784 410 847 si
433 787 526 847 cenat
548 782 623 848 totis
645 787 752 868 persto
776 780 934 866 noctibus,

264 895 332 960 sive
355 899 402 960 est
424 900 558 962 vocatus
580 897 668 961 iaceo
691 895 731 960 ad
754 896 860 961 lucem
879 897 914 960 In
937 895 1058 961 semita

192 1008 241 1072 10.
264 1005 397 1074 Emerui
419 1008 607 1094 libertatem,
629 1029 730 1075 canus
754 1010 858 1075 servio

263 1121 382 1204 (Ullius
400 1141 506 1188 assem
528 1123 641 1208 culpae
664 1124 743 1188 mihi
766 1123 794 1188 si
817 1123 966 1189 conscius

262 1254 364 1319 aeque
383 1237 489 1300 animo
508 1235 643 1320 semem),
662 1256 833 1320 nunquam
854 1256 926 1302 sum
942 1235 1046 1302 factus
1058 1240 1156 1320 satur,

263 1355 295 1416 et
317 1368 415 1437 super
437 1351 552 1417 infelix
574 1370 709 1417 saevum
731 1351 836 1436 patior
859 1350 1034 1416 dommum.

263 1461 332 1528 Has
353 1467 481 1548 propter
504 1483 618 1530 causas
640 1469 672 1530 et
695 1483 776 1548 quas
794 1464 960 1549 longumst
978 1463 1112 1550 prodere

264 1577 351 1642 abire
373 1577 531 1643 destinavi
551 1597 614 1663 quo
637 1579 771 1643 tulerint
794 1579 901 1663 pedes.

173 1701 297 1768 Versus
319 1704 449 1768 11-13
469 1704 658 1789 elegantiam
677 1703 813 1770 huiusce
835 1703 1026 1768 narrationIs
1045 1704 1153 1787 (quam

65 1905 68 1911 Ι
129 1819 216 1882 16616
237 1817 348 1882 laudat
369 1816 532 1883 Lucienus
555 1816 674 1883 Miller
697 1817 737 1882 de
760 1817 899 1883 Phaedri
922 1821 953 1882 et
972 1816 1092 1881 Aviani
1110 1814 1158 1880 fa-

129 1927 214 1995 bulis
232 1950 262 2015 p.
285 1932 337 2012 12)
357 1931 487 1996 turbant
507 1935 539 1997 et
555 1930 704 2016 querelae
724 1932 927 1997 imminuunt
943 1929 1155 1995 acerbitatem.

176 2044 269 2130 nni,
294 2046 390 2152 1†·3·

265 2182 404 2261 Quidam
426 2203 483 2269 per
505 2203 598 2270 agros
621 2184 753 2249 devium
776 2203 910 2270 carpens
934 2185 995 2251 iter

263 2296 332 2363 Ave
353 2297 520 2364 exaudivit
543 2303 574 2365 et
596 2302 740 2364 moratus
763 2299 943 2384 paululum,

265 2413 377 2478 adesse
399 2418 437 2479 ut
459 2412 540 2478 vidit
562 2415 724 2479 neminem
748 2415 832 2498 cepit
854 2414 1000 2499 gradum.

175 2538 238 2604 Pro
279 2540 359 2620 oepit
391 2538 527 2622 prodam
559 2539 726 2606 Nauckius
761 2539 863 2622 ccepti
895 2539 988 2607 viam
1025 2539 1154 2618 Quanto

135 2652 250 2718 melius
271 2673 301 2717 v.
325 2653 353 2717 d.
376 2652 452 2736 Moy
474 2654 549 2718 61161
569 2652 707 2737 prodam
730 2653 780 2719 cll.
803 2674 851 2720 vs.
877 2655 937 2720 12:

267 2776 331 2855 Qui
352 2777 533 2845 festinantis
556 2779 603 2844 sic
625 2780 791 2846 detinuisti
814 2780 936 2866 pedem.

134 2903 299 2989 etIII‚2.
326 2905 376 2969 11.

268 3036 299 3097 61
320 3033 356 3096 in
378 3030 485 3096 cubile
508 3031 633 3097 concito
656 3035 805 3118 properat
827 3032 931 3117 gradu

132 3144 175 3209 ib.
201 3145 228 3210 7.
268 3143 349 3210 Cum
371 3146 641 3230 circumspectans
665 3164 719 3211 ore
741 3146 787 3210 ita
809 3144 964 3210 haesisset
986 3143 1050 3209 diu.

178 3270 264 3349 Quid
286 3273 348 3338 sibi
374 3273 464 3338 istud
489 3291 541 3338 ore
563 3273 619 3358 aa,
642 3272 729 3357 quod
752 3271 911 3337 Milllerus
934 3271 1077 3354 coniecIt,
1101 3287 1159 3354 pro

132 3404 238 3452 errore
261 3391 292 3452 et
313 3406 425 3471 611616,
449 3386 537 3471 quod
560 3389 608 3451 est
630 3387 666 3450 In
689 3384 866 3469 codicibus,
889 3385 1043 3451 velitnon
1056 3382 1164 3448 video.

132 3498 320 3586 Legendum
342 3500 470 3566 videtur
492 3498 757 3584 circumpectum
780 3498 894 3564 omniu

72 3622 74 3624 ’
177 3612 306 3699 XXIII,
331 3615 361 3678 1.

222 3739 359 3827 Serpens
382 3740 533 3807 lacertam
554 3739 635 3806 forte
656 3738 824 3805 adversam
847 3739 1028 3825 prenderat.
