2676 4290
655 306 699 370 49

150 488 337 574 probabile3
368 489 544 557 Remulum
568 492 676 577 ipsum
700 511 771 558 eam
795 491 1016 578 imperfectam
1040 509 1111 557 esse
1136 489 1192 555 ob·

156 620 305 668 servasse
324 607 356 668 et
379 604 420 670 de
444 623 503 670 sno
528 605 709 690 explevisse
731 605 820 671 haud
838 604 931 671 facile
950 606 1104 691 cuiquem
1123 623 1193 689 per·

161 714 361 781 suadebitur.

202 829 300 914 Apud
333 829 518 898 Phaedrum
548 832 631 898 hunc
653 833 694 898 de
716 851 800 918 equo
825 838 856 899 et
879 852 956 918 apro
977 833 1115 918 legimus
1141 831 1187 896 fa·

157 941 274 1009 bulum
295 943 355 1030 IV,
377 946 417 1009 4:

291 1105 407 1192 Equus
431 1107 542 1173 sedere
565 1108 679 1174 solitus
705 1128 770 1194 que
792 1107 899 1174 iuerat
921 1109 1008 1174 sitim

294 1217 372 1283 dum
395 1239 466 1286 sese
488 1240 565 1306 aper
586 1222 713 1287 volutet
735 1221 880 1286 turbavit
902 1222 1032 1287 vadum.

292 1331 380 1398 Hinc
403 1339 472 1399 orta
492 1336 533 1400 lis
557 1339 614 1401 est.
639 1334 776 1421 Sonipes
798 1337 901 1402 iratus
922 1336 990 1402 fero

293 1447 454 1512 auxilium
475 1449 567 1533 petiit
588 1449 738 1533 hominis,
763 1469 860 1535 quem
886 1450 982 1516 dorso
1006 1450 1118 1517 levans

295 1559 453 1625 rediitad
475 1561 608 1627 hostem.
631 1561 728 1628 Iactis
752 1564 841 1629 hunc
863 1562 936 1629 telis
961 1581 1063 1648 eques

294 1677 466 1759 postquem
487 1675 649 1742 interiecit
671 1677 719 1741 sic
740 1677 870 1743 locutus
893 1677 1051 1743 traditur:

294 1784 411 1854 Laetor
432 1789 547 1856 tulisse
570 1791 732 1855 auxilium
755 1810 807 1857 me
829 1790 981 1877 precibus
1001 1792 1085 1872 tuis;

295 1921 372 1966 nem
393 1902 545 1988 praedem
568 1905 639 1990 cepi
661 1908 693 1970 et
716 1904 814 1970 didici
840 1926 938 1990 quam
962 1906 1007 1971 sis
1030 1905 1140 1984 utilis3

299 2018 397 2100 etque
418 2017 463 2080 ita
486 2017 590 2102 cc'dgit
611 2016 720 2083 frenes
743 2019 882 2083 invitum
906 2019 983 2103 peti.

295 2126 377 2194 Tum
400 2134 543 2197 maestus
567 2130 638 2197 ille:
662 2150 780 2217 parvae
803 2133 980 2198 vindictam
1004 2133 1052 2198 rei

296 2243 375 2308 dum
397 2263 516 2329 quaero
538 2245 680 2330 demens,
704 2247 894 2312 servitutem
917 2246 1053 2332 repperi.

206 2417 427 2504 Perstringere
462 2420 565 2486 voluit
598 2423 693 2505 poete
726 2421 873 2486 homines
909 2420 1036 2505 stultos,
1072 2420 1129 2505 qui
1162 2424 1200 2485 ut

157 2532 312 2598 inimices
334 2533 533 2598 ulciscentur
554 2552 589 2599 se
611 2535 784 2619 potentiori
807 2534 906 2599 alicui
928 2532 1056 2599 trudant
1079 2535 1114 2598 in
1134 2552 1200 2599 ser-

158 2645 308 2710 vitutem.
339 2645 385 2710 At
413 2665 449 2712 re
472 2650 622 2712 accurate
645 2664 789 2732 expense
810 2666 878 2711 non
900 2651 967 2711 tem
992 2646 1055 2746 fuit
1069 2646 1200 2736 ‚stultus

158 2775 268 2842 equus
303 2778 401 2844 quem
436 2759 572 2825 videtur.
606 2757 713 2825 Heme
745 2762 803 2845 qui
834 2779 869 2825 se
899 2758 938 2825 ab
971 2761 1034 2825 elio
1070 2761 1201 2826 homine

161 2870 268 2957 decipi
298 2874 428 2958 petitur,
450 2871 491 2938 ab
514 2892 552 2938 ec
574 2875 762 2959 praesertim
786 2873 917 2939 homine
940 2875 1034 2939 cuins
1059 2877 1198 2939 mentem

160 2989 257 3052 antee
277 2987 457 3071 perspicere
480 2989 629 3072 potuerit,
653 2988 772 3054 stultus
792 2993 824 3053 et
842 2988 1037 3073 imprudens
1050 2988 1201 3073 dicipot-

162 3102 223 3165 est
252 3098 316 3165 Sed
346 3104 498 3185 quaeest
521 3102 597 3186 equi
620 3101 767 3185 stultitia,
792 3103 821 3167 si
845 3103 973 3167 homini
996 3102 1129 3167 inferior
1152 3106 1201 3167 est

160 3213 359 3280 calliditate?
394 3213 510 3299 Neque
545 3215 651 3280 solum
684 3215 819 3281 callidus
851 3235 952 3302 eques
983 3220 1041 3300 est,
1072 3215 1199 3300 dequo

162 3326 327 3393 Praedrus
355 3332 473 3407 namet,
504 3328 562 3394 sed
584 3330 680 3394 etiem
702 3329 863 3414 perfidus;
888 3331 982 3395 illum
1007 3348 1120 3395 carere
1144 3331 1201 3414 qui

161 3442 270 3527 potuit
307 3443 436 3527 equus?
472 3440 599 3518 Quanto
634 3443 749 3508 melior
783 3462 859 3528 ergo
896 3447 928 3508 et
963 3443 1003 3507 ed
1039 3443 1200 3508 docendos

162 3555 312 3621 homines
333 3557 444 3621 utilior
466 3555 598 3622 Romuli
619 3556 728 3622 fabula
757 3564 814 3623 est.

299 3667 416 3754 Equus
446 3674 478 3735 et
506 3688 621 3736 cervus
644 3671 831 3736 inimicitias
854 3671 939 3735 inter
964 3688 999 3735 se
1023 3670 1199 3735 duxerunt.

1082 3779 1101 3830 ⁴
