2676 4290
641 345 683 408 98

195 527 236 592 In
258 528 439 594 narratione
461 528 501 594 de
523 527 641 594 Scurra
662 534 693 595 et
715 528 849 596 Rustico
872 530 922 615 (V,
936 531 1187 619 5)hileguntur

150 660 267 707 versus
289 640 460 725 (29-33):

281 843 365 909 Tum
387 843 544 909 simulans
568 861 639 909 sese
660 843 861 909 vestimentis
883 845 1027 909 rusticus

283 957 459 1042 porcellum
483 956 630 1041 obtegere
653 957 752 1040 (quod
775 955 910 1022 faciebat
934 957 1069 1042 sufficet,

285 1071 350 1155 sed,
371 1071 407 1135 in
429 1072 534 1155 priore
556 1072 632 1156 quia
654 1071 702 1135 nil
724 1075 951 1155 compererant,
974 1072 1093 1154 latens)

283 1183 431 1268 pervellit
453 1202 563 1250 aurem
587 1202 663 1248 vero
687 1202 784 1269 quern
809 1185 968 1249 celaverat

284 1300 316 1362 et
339 1316 413 1361 cum
436 1296 545 1362 dolore
568 1317 679 1363 vocem
703 1303 837 1363 naturae
861 1299 1021 1383 exprimit.

196 1483 260 1562 Qui
293 1489 399 1551 autem
435 1487 578 1552 rusticus
607 1506 717 1552 renero
748 1487 925 1571 porcellum
956 1485 1125 1571 obtegens,
1152 1507 1187 1552 se

151 1597 287 1682 ebtepere
315 1599 463 1664 amatura
491 1599 620 1684 potuit?
650 1582 724 1665 No'n
753 1619 828 1684 ergo
857 1599 993 1683 obtepere
1022 1618 1058 1664 se
1081 1600 1187 1665 simu·

150 1711 237 1778 labat
259 1713 316 1778 sed
337 1712 487 1778 sanare
510 1732 545 1778 se
567 1712 748 1797 simulabat,
770 1717 868 1798 atque
887 1712 1046 1778 eiusmodi
1058 1713 1185 1798 aliquid

151 1825 318 1893 Phaedrus
341 1827 446 1894 dicere
467 1827 582 1911 voluit,
604 1827 661 1893 sed
684 1846 750 1892 non
772 1828 886 1912 potuit.

196 1940 223 2027 I,
245 1943 277 2026 4,
302 1941 331 2006 7.

285 2127 329 2193 Et
350 2146 449 2213 quem
470 2127 590 2194 ferebat
612 2146 668 2194 ore
690 2128 818 2193 demisit
841 2126 961 2214 cibum,

286 2260 346 2308 neo
369 2260 466 2327 quem
487 2241 614 2326 petebat
635 2242 741 2328 potuit
762 2241 841 2308 adeo
864 2243 1036 2328 attingere.

200 2415 286 2494 Quid
315 2417 378 2484 sibi
409 2418 480 2483 vult
511 2417 611 2484 odeo?
642 2417 785 2484 Versum
806 2418 950 2483 hiantem
973 2418 1117 2504 supplet,
1140 2419 1186 2483 nil

154 2536 325 2618 praetcrea
357 2529 495 2617 Quoquo
527 2551 602 2616 ergo
633 2536 665 2597 te
696 2532 794 2597 vertis
817 2533 924 2617 inepte
947 2531 1004 2595 illo
1026 2531 1186 2597 vocabulo

155 2651 306 2712 oneratur
335 2648 502 2726 sententia,
532 2665 640 2732 neque
670 2646 848 2732 quidquam
876 2646 1066 2732 proficimus
1090 2646 1185 2713 Harii

156 2760 340 2826 coniectura

289 2967 358 3033 nec,
380 2967 478 3034 quem
500 2947 626 3033 petebat
648 2947 736 3032 adeo,
759 2948 865 3033 potuit
887 2950 1030 3034 tangere.

199 3124 225 3190 L
246 3125 298 3190 21.
319 3123 437 3190 Leonis
460 3125 626 3190 morientis
649 3124 690 3189 ad
712 3125 842 3190 asinum
864 3124 943 3190 haec
965 3122 1067 3190 verba
1090 3129 1186 3192 sunt:

424 3321 456 3381 te
478 3319 612 3380 naturae
635 3315 774 3381 dedecus

292 3430 379 3515 quod
400 3429 483 3495 ferre
505 3448 601 3513 cogor
624 3433 709 3494 certe
732 3428 782 3494 bis
805 3429 917 3496 videor
940 3428 1032 3494 mori.

205 3603 406 3691 Quocunque
436 3624 536 3671 sensu
567 3604 755 3669 adverbium
785 3608 865 3669 certe
894 3605 1060 3689 accipitur,
1088 3608 1191 3670 metro

161 3718 297 3785 salutem
321 3720 419 3798 affert,
443 3721 618 3785 sententiae
641 3718 803 3783 damnum.
