2676 4290
636 314 677 377 72

239 561 318 629 Rem
343 580 395 627 me
416 561 597 648 professum
621 561 705 626 dicet
727 559 835 625 forsan
859 561 933 645 quis
956 579 1103 646 gravem.

240 676 276 742 Si
298 676 412 758 Phryx
435 675 585 761 Aesopus
608 676 722 760 potuit,
744 676 942 740 Anacharsis
966 673 1089 758 Scytha

240 794 403 855 aeternam
425 789 545 854 famam
567 789 705 854 condere
728 789 858 874 ingenio
882 808 953 872 suo,

240 922 308 988 ego,
331 903 475 968 hieratae
499 903 558 987 qui
578 921 651 966 sum
674 902 822 987 proprior
844 900 1004 984 Graeciae,

240 1036 298 1082 cur
320 1036 434 1082 somno
457 1017 554 1081 inerti
579 1015 722 1081 deseram
747 1015 868 1099 patriae
890 1013 1015 1080 decus?

195 1180 310 1266 Neque
329 1182 364 1245 in
383 1182 443 1245 hac
463 1199 562 1244 causa
579 1178 809 1264 negligendum
821 1178 950 1244 videtur
960 1177 1191 1263 praecedentis

150 1293 278 1359 fabulae
301 1293 405 1376 (XIV)
428 1292 659 1379 epimythium:

286 1456 339 1522 Sic
362 1457 461 1522 ludus
485 1457 593 1521 animo
617 1454 710 1521 debet
733 1454 907 1539 aliquando
932 1453 1001 1518 dari

286 1571 327 1636 ad
351 1569 559 1655 cogitandum
582 1569 696 1634 meh'or
718 1572 756 1633 ut
777 1568 886 1633 redeat
907 1566 969 1631 tibi

152 1721 239 1806 quod
274 1722 408 1786 minime
440 1722 587 1805 ineptum
622 1724 680 1803 est,
713 1723 780 1783 tam
812 1719 845 1782 in
878 1717 946 1782 cod
969 1716 1001 1788 V
1025 1736 1129 1802 quam
1153 1718 1191 1782 in

151 1838 265 1901 ceteris
287 1835 471 1901 fabularum
493 1834 769 1900 Phaedrianarum
791 1833 956 1899 codicibus
979 1833 1051 1918 legi.

196 1948 256 2032 IH,
289 1949 340 2013 16.
371 1948 495 2013 Fabula
521 1949 561 2013 de
584 1949 693 2012 cicada
716 1952 748 2013 et
770 1952 890 2012 noctua
911 1947 973 2010 hoc
994 1943 1092 2011 habet
1112 1965 1191 2030 pro-

151 2063 329 2146 mythium:

285 2224 490 2290 Humanitati
513 2225 571 2309 qui
594 2243 718 2290 senon
741 2221 968 2305 accommodat,

285 2340 477 2424 plerumque
503 2357 622 2424 poenas
646 2337 766 2423 oppetit
789 2333 966 2421 superbiae.
1068 2367 1071 2374 ·

196 2488 271 2555 Non
294 2490 329 2555 id
352 2490 497 2574 agnoseit
516 2489 584 2554 cod.
606 2487 645 2552 V.
670 2506 777 2572 neque
801 2487 928 2571 scripsit
950 2482 1128 2567 Phaedrus,
1151 2442 1193 2549 ut

153 2606 284 2689 opinor3
311 2603 469 2706 sententia
493 2605 579 2669 enim
602 2602 730 2667 fabulae
755 2601 856 2667 multo
880 2600 999 2665 rectius
1015 2598 1191 2683 multoque

153 2720 324 2783 venustius
347 2717 526 2802 explicatur
549 2735 663 2781 versu:

288 2880 340 2946 Sic
362 2882 438 2945 viva
462 2879 550 2965 quod
572 2883 706 2964 negarat
725 2878 840 2944 tribuit
861 2884 996 2946 mortua„
1043 2917 1045 2922 ·

197 3031 258 3116 HI,
293 3032 343 3095 17.
379 3030 565 3095 Narrationi
599 3031 638 3095 de
673 3029 819 3096 Minerva
850 3030 969 3095 olivam
992 3032 1028 3095 in
1050 3034 1191 3101 tutelam

154 3165 248 3210 suam
266 3145 454 3230 recipiente,
478 3145 592 3209 ceteris
616 3144 677 3208 diis
690 3143 814 3208 steriles
827 3143 958 3210 arbores
970 3146 1192 3232 sumentibus,

154 3259 190 3322 in
215 3257 389 3322 (ialhcanis
413 3256 578 3322 codicibus
601 3256 730 3322 additur
752 3276 883 3322 versus:

243 3419 299 3483 Nil
321 3438 415 3505 agere
436 3419 523 3504 quod
546 3439 612 3484 non
635 3421 736 3505 prosit
757 3419 872 3485 fabella
895 3420 1053 3486 admonet

156 3570 219 3636 Sed
243 3576 371 3636 auctore
395 3570 463 3636 cod.
485 3572 623 3637 libenter
642 3592 717 3638 eum
736 3572 912 3639 obiicimus.
934 3573 1024 3651 Quae
1043 3577 1194 3646 enimait

155 3685 254 3750 huius
277 3681 368 3763 peace
392 3687 549 3751 sententia
571 3687 634 3750 iam
660 3687 781 3751 dictum
806 3692 855 3752 est
878 3707 897 3751 a
922 3687 1022 3752 Jove:
