2676 4290
631 296 673 359 60

162 501 249 546 unus
280 482 440 566 pluresve,
472 501 554 566 quos
585 501 673 546 nuno
704 482 790 566 apud
826 481 1009 547 Phaedrum
1043 482 1202 567 legimus,

162 594 267 661 absint
302 596 359 661 sed
392 614 450 681 pro
484 597 525 661 iis
554 600 760 681 praeceptum
792 597 835 660 sit
865 597 1006 680 positum
1036 596 1108 662 illis
1131 616 1201 662 non

160 729 293 795 prorsus
317 709 480 776 dissimile.

205 824 239 889 L
260 824 320 908 IH,
344 825 372 888 5.
391 823 520 888 Perotto
539 824 623 889 hano
641 825 832 889 sententiam
851 822 979 889 fabulae
997 825 1200 909 praemittit:

160 939 241 1005 male
262 945 386 1023 suentes
402 957 550 1020 praessa
569 937 712 1020 empus
727 935 855 1020 punire
876 957 935 1023 pro
947 956 985 1003 ea
995 939 1031 1002 in
1042 937 1199 1006 Phaedro

160 1054 279 1139 legitur
299 1053 522 1138 promythium
975 1085 978 1091 >

298 1211 468 1258 successus
490 1193 532 1258 ad
554 1192 728 1278 perniciem
747 1192 871 1257 ‘multos
896 1192 1037 1256 devocat.

206 1331 305 1396 Nulla
327 1349 362 1395 re
386 1332 447 1396 hae
468 1331 553 1396 inter
575 1349 610 1395 se
629 1331 826 1395 conveniunt
848 1331 1024 1395 sententiae
1042 1332 1201 1397 nisisoni

160 1445 371 1510 similitudine
394 1463 477 1528 quae
500 1447 549 1509 est
572 1445 608 1508 in
630 1442 796 1509 vocabulis
813 1463 961 1524 processa
980 1448 1199 1512 etsuceessas.

201 1558 236 1624 L.
259 1559 300 1644 V,
326 1560 355 1623 5.
377 1559 476 1644 Apud
498 1557 684 1624 Phaedrum
707 1560 768 1623 hoc
783 1557 939 1624 habemus
950 1560 1201 1644 promyruium:

290 1696 396 1762 Pravo
419 1698 529 1763 favore
548 1696 613 1764 labi
636 1697 786 1763 mortales
809 1698 913 1762 solent

276 1816 331 1894 et,
354 1810 550 1896 praeiudicio
575 1812 652 1876 dum
677 1816 762 1876 stant
785 1813 902 1876 erroris
926 1813 987 1897 sui,

292 1927 334 1990 ad
355 1926 585 2010 paenitendum
607 1925 705 1991 rebus
725 1925 902 1991 manifestis
925 1927 985 2011 agi.

201 2063 241 2128 In
264 2064 315 2128 his
332 2062 532 2148 praeiudicio
555 2068 603 2127 est
626 2062 815 2128 Baehrensii
838 2063 1017 2129 emendatio
1038 2065 1196 2150 vulgatae
1264 2087 1267 2092 ·

154 2179 302 2243 lectionis
333 2197 395 2258 pro
424 2177 547 2243 iaetiee'o.
570 2177 659 2242 Huic
680 2178 735 2243 ille
762 2198 820 2242 eur
842 2182 980 2263 praestet
1002 2197 1068 2243 non
1092 2181 1194 2247 video

153 2310 261 2376 neque
291 2296 399 2357 tamen
429 2311 512 2377 nego
535 2293 697 2376 eleganter
721 2293 784 2356 diei
806 2312 901 2377 posse
916 2292 1119 2378 praemiata
1141 2316 1194 2360 er-

152 2407 238 2471 roris
268 2413 353 2472 stare
384 2426 442 2493 pro
460 2407 654 2492 praeiudicii
673 2407 752 2490 falsi
774 2412 910 2472 maereat
933 2427 1004 2474 esse.
1028 2408 1091 2474 Sed
1114 2415 1194 2475 utut

154 2524 212 2603 est,
235 2525 285 2584 sat
307 2520 447 2585 multum
469 2523 605 2586 interest
627 2522 713 2587 inter
734 2521 808 2586 illos
827 2522 1004 2587 versiculos
1024 2527 1056 2587 et
1074 2521 1192 2590 Perot-

152 2636 258 2699 tinum
300 2639 523 2719 praeceptum:
561 2654 665 2718 prauo
698 2634 805 2715 favore
837 2654 1054 2719 saepenumero
1088 2635 1191 2702 homi-

152 2767 208 2813 ues
231 2747 304 2813 ledi.

197 2861 299 2926 Paulo
321 2863 473 2927 maiorem
495 2861 740 2927 similitudinem
751 2862 830 2927 haee
842 2868 1009 2948 praesepta
1021 2862 1189 2943 praebent

195 2976 348 3060 L.11‚o.
380 2976 527 3042 Perotto:
555 2976 733 3061 potentibus
755 2997 818 3040 noa
839 2977 934 3058 tacite
954 2978 1060 3041 resisti
1072 2998 1187 3063 posse3

150 3090 280 3176 quodsi
301 3089 447 3171 nefarius
467 3090 647 3155 consiliator
668 3091 835 3174 arcesserit,
855 3091 959 3154 omnia
973 3090 1189 3174 pessumdari.

150 3204 305 3271 Eiusdem
327 3207 455 3290 generis
479 3205 603 3290 aliquid
627 3205 718 3271 docet
740 3207 970 3290 promythium‚
991 3206 1077 3291 quod
1097 3210 1190 3293 apud

152 3318 334 3384 Phaedrum
357 3319 512 3404 legimus:

286 3462 397 3521 oontm
419 3461 565 3543 potentes
590 3462 714 3524 nemost
736 3459 882 3523 munitus
911 3461 1005 3541 satis3

285 3573 313 3635 si
336 3591 414 3635 vero
439 3574 573 3637 accessit
597 3572 782 3636 consiliator
804 3571 958 3656 melliens,

283 3685 333 3750 vis
357 3689 388 3750 et
411 3687 555 3770 nequitia
580 3685 738 3770 quidquid
761 3691 958 3770 oppugnant,
980 3689 1055 3752 ruit.
