<?xml version="1.0" encoding="UTF-8"?>
<!DOCTYPE html PUBLIC "-//W3C//DTD XHTML 1.0 Transitional//EN"
    "http://www.w3.org/TR/xhtml1/DTD/xhtml1-transitional.dtd">
<html xmlns="http://www.w3.org/1999/xhtml" xml:lang="en" lang="en">
 <head>
  <title>
</title>
<meta http-equiv="Content-Type" content="text/html;charset=utf-8" />
  <meta name='ocr-system' content='tesseract 3.04.00' />
  <meta name='ocr-capabilities' content='ocr_page ocr_carea ocr_par ocr_line ocrx_word'/>
</head>
<body>
  <div class='ocr_page' id='page_1' title='image "./dephaedrifabuli00hartgoog_0128.png"; bbox 0 0 2676 4290; ppageno 0'>
   <div class='ocr_carea' id='block_1_1' title="bbox 616 374 678 438">
    <p class='ocr_par' dir='ltr' id='par_1_1' title="bbox 616 374 678 438">
     <span class='ocr_line' id='line_1_1' title="bbox 616 374 678 438; baseline 0.016 -1"><span class='ocrx_word' id='word_1_1' title='bbox 616 374 678 438; x_wconf 76' lang='lat'>117</span> 
     </span>
    </p>
   </div>
   <div class='ocr_carea' id='block_1_2' title="bbox 131 559 1157 857">
    <p class='ocr_par' dir='ltr' id='par_1_2' title="bbox 131 559 1157 857">
     <span class='ocr_line' id='line_1_2' title="bbox 176 559 1157 648; baseline -0.006 -19"><span class='ocrx_word' id='word_1_2' title='bbox 176 565 240 629; x_wconf 88' lang='lat' dir='ltr'>Pro</span> <span class='ocrx_word' id='word_1_3' title='bbox 269 562 325 628; x_wconf 68' lang='lat' dir='ltr'>atta</span> <span class='ocrx_word' id='word_1_4' title='bbox 356 583 437 648; x_wconf 80' lang='lat' dir='ltr'>quae</span> <span class='ocrx_word' id='word_1_5' title='bbox 467 561 623 626; x_wconf 82' lang='lat' dir='ltr'>Mtillerus</span> <span class='ocrx_word' id='word_1_6' title='bbox 654 559 779 646; x_wconf 81' lang='lat' dir='ltr'>illeque,</span> <span class='ocrx_word' id='word_1_7' title='bbox 803 561 951 643; x_wconf 85' lang='lat' dir='ltr'>durioris,</span> <span class='ocrx_word' id='word_1_8' title='bbox 974 563 1012 625; x_wconf 87' lang='lat' dir='ltr'>ut</span> <span class='ocrx_word' id='word_1_9' title='bbox 1035 560 1157 644; x_wconf 85' lang='lat' dir='ltr'>opinor,</span> 
     </span>
     <span class='ocr_line' id='line_1_3' title="bbox 132 672 1157 760; baseline -0.007 -17"><span class='ocrx_word' id='word_1_10' title='bbox 132 679 314 760; x_wconf 87' lang='lat' dir='ltr'>syniseseos</span> <span class='ocrx_word' id='word_1_11' title='bbox 344 675 493 740; x_wconf 84' lang='lat' dir='ltr'>vitandae</span> <span class='ocrx_word' id='word_1_12' title='bbox 525 695 629 740; x_wconf 88' lang='lat' dir='ltr'>eausa.</span> <span class='ocrx_word' id='word_1_13' title='bbox 661 673 724 740; x_wconf 82' lang='lat' dir='ltr'>Sed</span> <span class='ocrx_word' id='word_1_14' title='bbox 753 672 959 758; x_wconf 87' lang='lat' dir='ltr'>perturbatur</span> <span class='ocrx_word' id='word_1_15' title='bbox 989 691 1026 738; x_wconf 86' lang='lat' dir='ltr'>ea</span> <span class='ocrx_word' id='word_1_16' title='bbox 1050 691 1157 738; x_wconf 93' lang='lat' dir='ltr'>emen-</span> 
     </span>
     <span class='ocr_line' id='line_1_4' title="bbox 131 791 705 857; baseline -0.01 0"><span class='ocrx_word' id='word_1_17' title='bbox 131 792 259 857; x_wconf 81' lang='lat' dir='ltr'>datione</span> <span class='ocrx_word' id='word_1_18' title='bbox 282 791 514 854; x_wconf 89' lang='lat' dir='ltr'>sententiarum</span> <span class='ocrx_word' id='word_1_19' title='bbox 537 793 705 853; x_wconf 83' lang='lat' dir='ltr'>structura</span> 
     </span>
    </p>
   </div>
   <div class='ocr_carea' id='block_1_3' title="bbox 174 903 528 988">
    <p class='ocr_par' dir='ltr' id='par_1_3' title="bbox 174 903 528 988">
     <span class='ocr_line' id='line_1_5' title="bbox 174 903 528 988; baseline -0.008 -20"><span class='ocrx_word' id='word_1_20' title='bbox 174 903 208 968; x_wconf 87' lang='lat' dir='ltr'>L.</span> <span class='ocrx_word' id='word_1_21' title='bbox 232 903 289 986; x_wconf 82' lang='lat' dir='ltr'>IV,</span> <span class='ocrx_word' id='word_1_22' title='bbox 313 903 392 988; x_wconf 92' lang='lat' dir='ltr'>prel.</span> <span class='ocrx_word' id='word_1_23' title='bbox 414 903 436 965; x_wconf 81' lang='lat'>4</span> <span class='ocrx_word' id='word_1_24' title='bbox 460 922 528 987; x_wconf 89' lang='lat' dir='ltr'>sqq.</span> 
     </span>
    </p>
   </div>
   <div class='ocr_carea' id='block_1_4' title="bbox 264 1049 1012 1251">
    <p class='ocr_par' dir='ltr' id='par_1_4' title="bbox 264 1049 1012 1251">
     <span class='ocr_line' id='line_1_6' title="bbox 264 1049 1012 1137; baseline -0.003 -20"><span class='ocrx_word' id='word_1_25' title='bbox 264 1052 347 1118; x_wconf 89' lang='lat' dir='ltr'>Nam</span> <span class='ocrx_word' id='word_1_26' title='bbox 371 1053 474 1137; x_wconf 86' lang='lat' dir='ltr'>siquis</span> <span class='ocrx_word' id='word_1_27' title='bbox 497 1050 571 1116; x_wconf 87' lang='lat' dir='ltr'>talis</span> <span class='ocrx_word' id='word_1_28' title='bbox 594 1051 690 1116; x_wconf 90' lang='lat' dir='ltr'>etiam</span> <span class='ocrx_word' id='word_1_29' title='bbox 713 1049 830 1115; x_wconf 85' lang='lat' dir='ltr'>titulist</span> <span class='ocrx_word' id='word_1_30' title='bbox 852 1053 1012 1136; x_wconf 88' lang='lat' dir='ltr'>appetens,</span> 
     </span>
     <span class='ocr_line' id='line_1_7' title="bbox 264 1163 1000 1251; baseline -0.005 -20"><span class='ocrx_word' id='word_1_31' title='bbox 264 1186 329 1251; x_wconf 90' lang='lat' dir='ltr'>qne</span> <span class='ocrx_word' id='word_1_32' title='bbox 352 1170 444 1250; x_wconf 86' lang='lat' dir='ltr'>pacto</span> <span class='ocrx_word' id='word_1_33' title='bbox 467 1163 631 1230; x_wconf 83' lang='lat' dir='ltr'><strong>damnabit</strong></span> <span class='ocrx_word' id='word_1_34' title='bbox 654 1163 807 1249; x_wconf 76' lang='lat' dir='ltr'><strong>quidnam</strong></span> <span class='ocrx_word' id='word_1_35' title='bbox 831 1164 1000 1229; x_wconf 87' lang='lat' dir='ltr'>omiserim.</span> 
     </span>
    </p>
   </div>
   <div class='ocr_carea' id='block_1_5' title="bbox 175 1300 910 1388">
    <p class='ocr_par' dir='ltr' id='par_1_5' title="bbox 175 1300 910 1388">
     <span class='ocr_line' id='line_1_8' title="bbox 175 1300 910 1388; baseline -0.01 -17"><span class='ocrx_word' id='word_1_36' title='bbox 175 1305 380 1371; x_wconf 83' lang='lat' dir='ltr'>Laeunesum</span> <span class='ocrx_word' id='word_1_37' title='bbox 403 1304 511 1368; x_wconf 89' lang='lat' dir='ltr'>leeum</span> <span class='ocrx_word' id='word_1_38' title='bbox 536 1305 584 1368; x_wconf 86' lang='lat' dir='ltr'>sia</span> <span class='ocrx_word' id='word_1_39' title='bbox 606 1303 713 1388; x_wconf 79' lang='lat' dir='ltr'>explet</span> <span class='ocrx_word' id='word_1_40' title='bbox 735 1300 910 1368; x_wconf 83' lang='lat' dir='ltr'>Miillerus:</span> 
     </span>
    </p>
   </div>
   <div class='ocr_carea' id='block_1_6' title="bbox 263 1441 1026 1756">
    <p class='ocr_par' dir='ltr' id='par_1_6' title="bbox 263 1441 1026 1756">
     <span class='ocr_line' id='line_1_9' title="bbox 264 1441 1013 1528; baseline -0.004 -20"><span class='ocrx_word' id='word_1_41' title='bbox 264 1443 348 1508; x_wconf 91' lang='lat' dir='ltr'>Nam</span> <span class='ocrx_word' id='word_1_42' title='bbox 372 1444 475 1528; x_wconf 89' lang='lat' dir='ltr'>siquis</span> <span class='ocrx_word' id='word_1_43' title='bbox 497 1442 571 1507; x_wconf 85' lang='lat' dir='ltr'>talis</span> <span class='ocrx_word' id='word_1_44' title='bbox 594 1442 690 1506; x_wconf 90' lang='lat' dir='ltr'>etiam</span> <span class='ocrx_word' id='word_1_45' title='bbox 712 1441 830 1506; x_wconf 87' lang='lat' dir='ltr'>titulist</span> <span class='ocrx_word' id='word_1_46' title='bbox 852 1444 1013 1526; x_wconf 83' lang='lat' dir='ltr'>appetens,</span> 
     </span>
     <span class='ocr_line' id='line_1_10' title="bbox 265 1556 1026 1643; baseline 0 -21"><span class='ocrx_word' id='word_1_47' title='bbox 265 1577 330 1643; x_wconf 91' lang='lat' dir='ltr'>que</span> <span class='ocrx_word' id='word_1_48' title='bbox 353 1562 446 1642; x_wconf 86' lang='lat' dir='ltr'>paeto</span> <span class='ocrx_word' id='word_1_49' title='bbox 468 1558 548 1622; x_wconf 88' lang='lat' dir='ltr'>mihi</span> <span class='ocrx_word' id='word_1_50' title='bbox 569 1558 698 1643; x_wconf 86' lang='lat' dir='ltr'>petitast</span> <span class='ocrx_word' id='word_1_51' title='bbox 719 1557 850 1622; x_wconf 86' lang='lat' dir='ltr'>materia</span> <span class='ocrx_word' id='word_1_52' title='bbox 872 1556 1026 1642; x_wconf 81' lang='lat' dir='ltr'>undique,</span> 
     </span>
     <span class='ocr_line' id='line_1_11' title="bbox 263 1670 1022 1756; baseline 0 -21"><span class='ocrx_word' id='word_1_53' title='bbox 263 1673 328 1736; x_wconf 89' lang='lat' dir='ltr'>iam</span> <span class='ocrx_word' id='word_1_54' title='bbox 352 1671 464 1737; x_wconf 89' lang='lat' dir='ltr'>sedulo</span> <span class='ocrx_word' id='word_1_55' title='bbox 487 1670 652 1756; x_wconf 81' lang='lat' dir='ltr'>indagabit</span> <span class='ocrx_word' id='word_1_56' title='bbox 674 1671 828 1754; x_wconf 90' lang='lat' dir='ltr'>quidnam</span> <span class='ocrx_word' id='word_1_57' title='bbox 851 1672 1022 1736; x_wconf 87' lang='lat' dir='ltr'>emiserim.</span> 
     </span>
    </p>
   </div>
   <div class='ocr_carea' id='block_1_7' title="bbox 129 1808 1152 2373">
    <p class='ocr_par' dir='ltr' id='par_1_7' title="bbox 129 1808 1152 2373">
     <span class='ocr_line' id='line_1_12' title="bbox 174 1808 1152 1895; baseline -0.002 -20"><span class='ocrx_word' id='word_1_58' title='bbox 174 1809 236 1875; x_wconf 84' lang='lat' dir='ltr'>Sed</span> <span class='ocrx_word' id='word_1_59' title='bbox 259 1811 337 1875; x_wconf 86' lang='lat' dir='ltr'>satis</span> <span class='ocrx_word' id='word_1_60' title='bbox 360 1808 533 1874; x_wconf 81' lang='lat' dir='ltr'>obscurum</span> <span class='ocrx_word' id='word_1_61' title='bbox 557 1808 618 1873; x_wconf 86' lang='lat' dir='ltr'>hoe</span> <span class='ocrx_word' id='word_1_62' title='bbox 642 1814 690 1874; x_wconf 88' lang='lat' dir='ltr'>est</span> <span class='ocrx_word' id='word_1_63' title='bbox 710 1809 984 1893; x_wconf 78' lang='lat' dir='ltr'>supplementnm3</span> <span class='ocrx_word' id='word_1_64' title='bbox 999 1809 1055 1895; x_wconf 91' lang='lat' dir='ltr'>qui</span> <span class='ocrx_word' id='word_1_65' title='bbox 1068 1809 1152 1874; x_wconf 89' lang='lat' dir='ltr'>enim</span> 
     </span>
     <span class='ocr_line' id='line_1_13' title="bbox 129 1922 666 2010; baseline -0.007 -20"><span class='ocrx_word' id='word_1_66' title='bbox 129 1924 229 1990; x_wconf 81' lang='lat' dir='ltr'>verba</span> <span class='ocrx_word' id='word_1_67' title='bbox 251 1943 311 2010; x_wconf 80' lang='lat' dir='ltr'>quo</span> <span class='ocrx_word' id='word_1_68' title='bbox 326 1927 422 2005; x_wconf 83' lang='lat' dir='ltr'>paeto</span> <span class='ocrx_word' id='word_1_69' title='bbox 445 1922 666 2008; x_wconf 78' lang='lat' dir='ltr'>explicemus?</span> 
     </span>
     <span class='ocr_line' id='line_1_14' title="bbox 173 2039 336 2124; baseline -0.006 -21"><span class='ocrx_word' id='word_1_70' title='bbox 173 2039 230 2124; x_wconf 84' lang='lat' dir='ltr'>IV,</span> <span class='ocrx_word' id='word_1_71' title='bbox 253 2041 283 2123; x_wconf 83' lang='lat'>2,</span> <span class='ocrx_word' id='word_1_72' title='bbox 308 2040 336 2102; x_wconf 86' lang='lat'>1.</span> 
     </span>
     <span class='ocr_line' id='line_1_15' title="bbox 217 2175 852 2259; baseline -0.005 -17"><span class='ocrx_word' id='word_1_73' title='bbox 217 2176 363 2242; x_wconf 76' lang='lat' dir='ltr'>laudare</span> <span class='ocrx_word' id='word_1_74' title='bbox 386 2176 444 2240; x_wconf 92' lang='lat' dir='ltr'>tibi</span> <span class='ocrx_word' id='word_1_75' title='bbox 467 2175 602 2259; x_wconf 84' lang='lat' dir='ltr'>videtur,</span> <span class='ocrx_word' id='word_1_76' title='bbox 626 2177 657 2240; x_wconf 90' lang='lat' dir='ltr'>et</span> <span class='ocrx_word' id='word_1_77' title='bbox 680 2193 757 2240; x_wconf 89' lang='lat' dir='ltr'>sane</span> <span class='ocrx_word' id='word_1_78' title='bbox 778 2176 852 2259; x_wconf 86' lang='lat' dir='ltr'>levi,</span> 
     </span>
     <span class='ocr_line' id='line_1_16' title="bbox 217 2288 1038 2373; baseline -0.002 -16"><span class='ocrx_word' id='word_1_79' title='bbox 217 2291 296 2357; x_wconf 93' lang='lat' dir='ltr'>dum</span> <span class='ocrx_word' id='word_1_80' title='bbox 319 2290 400 2354; x_wconf 89' lang='lat' dir='ltr'>nihil</span> <span class='ocrx_word' id='word_1_81' title='bbox 423 2288 580 2354; x_wconf 90' lang='lat' dir='ltr'>habemus</span> <span class='ocrx_word' id='word_1_82' title='bbox 603 2290 718 2373; x_wconf 81' lang='lat' dir='ltr'>mains,</span> <span class='ocrx_word' id='word_1_83' title='bbox 741 2288 863 2353; x_wconf 84' lang='lat' dir='ltr'>calamo</span> <span class='ocrx_word' id='word_1_84' title='bbox 886 2288 1038 2355; x_wconf 81' lang='lat' dir='ltr'>ludimus.</span> 
     </span>
    </p>
   </div>
   <div class='ocr_carea' id='block_1_8' title="bbox 126 2427 1154 2743">
    <p class='ocr_par' dir='ltr' id='par_1_8' title="bbox 126 2427 1154 2743">
     <span class='ocr_line' id='line_1_17' title="bbox 174 2427 1154 2512; baseline 0 -17"><span class='ocrx_word' id='word_1_85' title='bbox 174 2429 245 2508; x_wconf 82' lang='lat' dir='ltr'>Quo</span> <span class='ocrx_word' id='word_1_86' title='bbox 287 2431 359 2494; x_wconf 92' lang='lat' dir='ltr'>iure</span> <span class='ocrx_word' id='word_1_87' title='bbox 400 2428 567 2493; x_wconf 89' lang='lat' dir='ltr'>Bentleius</span> <span class='ocrx_word' id='word_1_88' title='bbox 601 2427 789 2512; x_wconf 86' lang='lat' dir='ltr'>improbarit</span> <span class='ocrx_word' id='word_1_89' title='bbox 821 2428 950 2494; x_wconf 89' lang='lat' dir='ltr'>Heinsii</span> <span class='ocrx_word' id='word_1_90' title='bbox 984 2429 1154 2495; x_wconf 80' lang='lat' dir='ltr'>lectionem</span> 
     </span>
     <span class='ocr_line' id='line_1_18' title="bbox 126 2543 1154 2610; baseline 0 -1"><span class='ocrx_word' id='word_1_91' title='bbox 126 2544 279 2610; x_wconf 69' lang='lat' dir='ltr'>insulares</span> <span class='ocrx_word' id='word_1_92' title='bbox 308 2543 364 2608; x_wconf 81' lang='lat' dir='ltr'>tibi</span> <span class='ocrx_word' id='word_1_93' title='bbox 384 2543 527 2608; x_wconf 82' lang='lat' dir='ltr'>videmur</span> <span class='ocrx_word' id='word_1_94' title='bbox 548 2563 614 2607; x_wconf 90' lang='lat' dir='ltr'>non</span> <span class='ocrx_word' id='word_1_95' title='bbox 633 2543 744 2607; x_wconf 85' lang='lat' dir='ltr'>video:</span> <span class='ocrx_word' id='word_1_96' title='bbox 766 2562 802 2607; x_wconf 87' lang='lat' dir='ltr'>ea</span> <span class='ocrx_word' id='word_1_97' title='bbox 825 2544 908 2607; x_wconf 93' lang='lat' dir='ltr'>enim</span> <span class='ocrx_word' id='word_1_98' title='bbox 935 2545 1061 2609; x_wconf 78' lang='lat' dir='ltr'>exsistit</span> <span class='ocrx_word' id='word_1_99' title='bbox 1082 2563 1154 2609; x_wconf 89' lang='lat' dir='ltr'>sen-</span> 
     </span>
     <span class='ocr_line' id='line_1_19' title="bbox 129 2654 1012 2743; baseline -0.005 -18"><span class='ocrx_word' id='word_1_100' title='bbox 129 2661 229 2725; x_wconf 87' lang='lat' dir='ltr'>tentia</span> <span class='ocrx_word' id='word_1_101' title='bbox 256 2658 429 2723; x_wconf 90' lang='lat' dir='ltr'>admodum</span> <span class='ocrx_word' id='word_1_102' title='bbox 454 2658 614 2743; x_wconf 86' lang='lat' dir='ltr'>eleganter</span> <span class='ocrx_word' id='word_1_103' title='bbox 635 2656 779 2721; x_wconf 86' lang='lat' dir='ltr'>formata.</span> <span class='ocrx_word' id='word_1_104' title='bbox 804 2654 889 2733; x_wconf 77' lang='lat' dir='ltr'>Quid</span> <span class='ocrx_word' id='word_1_105' title='bbox 912 2676 958 2722; x_wconf 85' lang='lat' dir='ltr'>vs.</span> <span class='ocrx_word' id='word_1_106' title='bbox 983 2659 1012 2721; x_wconf 89' lang='lat'>8.</span> 
     </span>
    </p>
   </div>
   <div class='ocr_carea' id='block_1_9' title="bbox 259 2794 997 2862">
    <p class='ocr_par' dir='ltr' id='par_1_9' title="bbox 259 2794 997 2862">
     <span class='ocr_line' id='line_1_20' title="bbox 259 2794 997 2862; baseline -0.004 -1"><span class='ocrx_word' id='word_1_107' title='bbox 259 2797 331 2862; x_wconf 85' lang='lat' dir='ltr'>Hoe</span> <span class='ocrx_word' id='word_1_108' title='bbox 354 2815 396 2862; x_wconf 93' lang='lat' dir='ltr'>ne</span> <span class='ocrx_word' id='word_1_109' title='bbox 418 2797 547 2861; x_wconf 84' lang='lat' dir='ltr'>loeutus</span> <span class='ocrx_word' id='word_1_110' title='bbox 570 2797 640 2860; x_wconf 90' lang='lat' dir='ltr'>sine</span> <span class='ocrx_word' id='word_1_111' title='bbox 662 2794 808 2860; x_wconf 81' lang='lat' dir='ltr'>mercede</span> <span class='ocrx_word' id='word_1_112' title='bbox 832 2794 997 2859; x_wconf 85' lang='lat' dir='ltr'>existimer</span> 
     </span>
    </p>
   </div>
   <div class='ocr_carea' id='block_1_10' title="bbox 127 2932 1152 3248">
    <p class='ocr_par' dir='ltr' id='par_1_10' title="bbox 127 2932 1152 3248">
     <span class='ocr_line' id='line_1_21' title="bbox 128 2932 1152 3021; baseline -0.002 -19"><span class='ocrx_word' id='word_1_113' title='bbox 128 2935 311 3021; x_wconf 85' lang='lat' dir='ltr'>significent</span> <span class='ocrx_word' id='word_1_114' title='bbox 342 2935 498 3000; x_wconf 86' lang='lat' dir='ltr'>voeabula</span> <span class='ocrx_word' id='word_1_115' title='bbox 529 2935 597 2998; x_wconf 81' lang='lat' dir='ltr'>siaa</span> <span class='ocrx_word' id='word_1_116' title='bbox 626 2932 761 2998; x_wconf 65' lang='lat' dir='ltr'>maceda</span> <span class='ocrx_word' id='word_1_117' title='bbox 790 2934 883 2998; x_wconf 86' lang='lat' dir='ltr'>iuxta</span> <span class='ocrx_word' id='word_1_118' title='bbox 913 2953 988 2999; x_wconf 83' lang='lat' dir='ltr'>enm</span> <span class='ocrx_word' id='word_1_119' title='bbox 1016 2935 1152 3018; x_wconf 85' lang='lat' dir='ltr'>ignaris·</span> 
     </span>
     <span class='ocr_line' id='line_1_22' title="bbox 127 3051 361 3135; baseline -0.017 -19"><span class='ocrx_word' id='word_1_120' title='bbox 127 3051 218 3116; x_wconf 85' lang='lat' dir='ltr'>simis</span> <span class='ocrx_word' id='word_1_121' title='bbox 239 3051 361 3135; x_wconf 88' lang='lat' dir='ltr'>ignore.</span> 
     </span>
     <span class='ocr_line' id='line_1_23' title="bbox 171 3164 449 3248; baseline -0.011 -19"><span class='ocrx_word' id='word_1_122' title='bbox 171 3164 228 3248; x_wconf 85' lang='lat' dir='ltr'>Iv,</span> <span class='ocrx_word' id='word_1_123' title='bbox 253 3165 281 3248; x_wconf 82' lang='grc'>1,</span> <span class='ocrx_word' id='word_1_124' title='bbox 307 3165 358 3247; x_wconf 80' lang='grc'>1-2,</span> <span class='ocrx_word' id='word_1_125' title='bbox 381 3182 449 3247; x_wconf 90' lang='lat' dir='ltr'>sqq.</span> 
     </span>
    </p>
   </div>
   <div class='ocr_carea' id='block_1_11' title="bbox 212 3298 1061 3838">
    <p class='ocr_par' dir='ltr' id='par_1_11' title="bbox 217 3298 995 3387">
     <span class='ocr_line' id='line_1_24' title="bbox 217 3298 995 3387; baseline -0.006 -19"><span class='ocrx_word' id='word_1_126' title='bbox 217 3302 366 3387; x_wconf 89' lang='lat' dir='ltr'>Namque</span> <span class='ocrx_word' id='word_1_127' title='bbox 389 3306 420 3366; x_wconf 94' lang='lat' dir='ltr'>et</span> <span class='ocrx_word' id='word_1_128' title='bbox 443 3299 574 3384; x_wconf 86' lang='lat' dir='ltr'>superbi</span> <span class='ocrx_word' id='word_1_129' title='bbox 597 3299 687 3384; x_wconf 88' lang='lat' dir='ltr'>luget</span> <span class='ocrx_word' id='word_1_130' title='bbox 710 3301 849 3364; x_wconf 84' lang='lat' dir='ltr'>Aeaetae</span> <span class='ocrx_word' id='word_1_131' title='bbox 872 3298 995 3382; x_wconf 83' lang='lat' dir='ltr'>domus,</span> 
     </span>
    </p>

    <p class='ocr_par' dir='ltr' id='par_1_12' title="bbox 216 3411 929 3499">
     <span class='ocr_line' id='line_1_25' title="bbox 216 3411 929 3499; baseline -0.008 -19"><span class='ocrx_word' id='word_1_132' title='bbox 216 3421 247 3480; x_wconf 88' lang='lat' dir='ltr'>et</span> <span class='ocrx_word' id='word_1_133' title='bbox 269 3434 369 3499; x_wconf 90' lang='lat' dir='ltr'>regna</span> <span class='ocrx_word' id='word_1_134' title='bbox 391 3413 498 3478; x_wconf 91' lang='lat' dir='ltr'>Peliae</span> <span class='ocrx_word' id='word_1_135' title='bbox 522 3412 640 3477; x_wconf 85' lang='lat' dir='ltr'>scelere</span> <span class='ocrx_word' id='word_1_136' title='bbox 663 3411 793 3476; x_wconf 87' lang='lat' dir='ltr'>Medeae</span> <span class='ocrx_word' id='word_1_137' title='bbox 816 3412 929 3494; x_wconf 86' lang='lat' dir='ltr'>iacent,</span> 
     </span>
    </p>

    <p class='ocr_par' dir='ltr' id='par_1_13' title="bbox 212 3500 1061 3724">
     <span class='ocr_line' id='line_1_26' title="bbox 215 3500 1061 3613; baseline -0.008 -20"><span class='ocrx_word' id='word_1_138' title='bbox 215 3547 298 3613; x_wconf 88' lang='lat' dir='ltr'>quae</span> <span class='ocrx_word' id='word_1_139' title='bbox 321 3546 455 3601; x_wconf 83' lang='lat' dir='ltr'>saevum</span> <span class='ocrx_word' id='word_1_140' title='bbox 478 3500 646 3609; x_wconf 81' lang='lat' dir='ltr'>ingenium</span> <span class='ocrx_word' id='word_1_141' title='bbox 670 3526 767 3588; x_wconf 86' lang='lat' dir='ltr'>variis</span> <span class='ocrx_word' id='word_1_142' title='bbox 789 3523 957 3588; x_wconf 87' lang='lat' dir='ltr'>involvens</span> <span class='ocrx_word' id='word_1_143' title='bbox 980 3523 1061 3587; x_wconf 90' lang='lat' dir='ltr'>dolis</span> 
     </span>
     <span class='ocr_line' id='line_1_27' title="bbox 212 3637 920 3724; baseline -0.007 -19"><span class='ocrx_word' id='word_1_144' title='bbox 212 3641 279 3705; x_wconf 88' lang='lat' dir='ltr'>illie</span> <span class='ocrx_word' id='word_1_145' title='bbox 301 3660 359 3724; x_wconf 93' lang='lat' dir='ltr'>per</span> <span class='ocrx_word' id='word_1_146' title='bbox 381 3638 470 3703; x_wconf 86' lang='lat' dir='ltr'>artus&#39;</span> <span class='ocrx_word' id='word_1_147' title='bbox 493 3638 600 3703; x_wconf 83' lang='lat' dir='ltr'>fratris</span> <span class='ocrx_word' id='word_1_148' title='bbox 625 3637 780 3722; x_wconf 81' lang='lat' dir='ltr'>explicuit</span> <span class='ocrx_word' id='word_1_149' title='bbox 802 3637 920 3721; x_wconf 88' lang='lat' dir='ltr'>fugam,</span> 
     </span>
    </p>

    <p class='ocr_par' dir='ltr' id='par_1_14' title="bbox 213 3748 975 3838">
     <span class='ocr_line' id='line_1_28' title="bbox 213 3748 975 3838; baseline -0.008 -20"><span class='ocrx_word' id='word_1_150' title='bbox 213 3754 266 3818; x_wconf 83' lang='lat' dir='ltr'>hie</span> <span class='ocrx_word' id='word_1_151' title='bbox 289 3752 384 3818; x_wconf 80' lang='lat' dir='ltr'>caede</span> <span class='ocrx_word' id='word_1_152' title='bbox 406 3753 506 3838; x_wconf 88' lang='lat' dir='ltr'>patris</span> <span class='ocrx_word' id='word_1_153' title='bbox 529 3751 695 3817; x_wconf 88' lang='lat' dir='ltr'>Peliadum</span> <span class='ocrx_word' id='word_1_154' title='bbox 717 3748 828 3815; x_wconf 85' lang='lat' dir='ltr'>infecit</span> <span class='ocrx_word' id='word_1_155' title='bbox 850 3768 975 3814; x_wconf 85' lang='lat' dir='ltr'>manus.</span> 
     </span>
    </p>
   </div>
   <div class='ocr_carea' id='block_1_12' title="bbox 0 0 1342 4290">
    <p class='ocr_par' dir='ltr' id='par_1_15' title="bbox 0 0 1342 4290">
     <span class='ocr_line' id='line_1_29' title="bbox 0 0 1342 4290; baseline 0 0"><span class='ocrx_word' id='word_1_156' title='bbox 0 0 1342 4290; x_wconf 95' lang='lat' dir='ltr'> </span> 
     </span>
    </p>
   </div>
  </div>
 </body>
</html>
