2676 4290
621 320 642 385 9

121 527 233 575 nonne
254 509 323 593 ipse
344 507 511 574 Phaedrus
535 526 589 573 eas
611 506 775 592 redarguit
797 509 829 572 et
846 504 943 572 falsas
965 522 1035 572 esse
1048 503 1152 579 decla·

120 622 194 687 rat?
217 621 432 706 Inspiciamus
456 620 630 687 obscurum
648 619 731 685 illud
749 638 888 702 carmen,
908 637 972 704 quo
992 619 1150 684 inreceu·

120 735 258 801 tioribus
280 733 475 801 editionibus
498 733 593 801 Liber
614 733 666 799 HI
687 733 848 804 clauditur
861 732 893 815 1).
916 732 956 798 Iu
982 751 1020 799 eo
1040 736 1071 798 et
1090 732 1152 798 ulia

121 849 276 935 leguntur
297 852 328 914 et
350 848 447 914 baec:

255 997 381 1064 excedit
402 998 532 1062 animus
555 1015 652 1081 quem
675 997 844 1081 proposuit
867 996 1061 1078 terminum

255 1112 313 1178 sed
335 1110 505 1176 difficulter
528 1110 713 1176 continetur
735 1110 879 1195 spiritus,

253 1226 444 1310 integritatis
468 1227 525 1309 qui
548 1225 692 1290 sincerae
717 1224 866 1290 conscius
943 1241 946 1248 ’

255 1358 275 1403 a
297 1339 470 1403 noxiorum
493 1338 651 1422 premitur
672 1337 862 1402 insolentiis.

257 1451 321 1530 Qui
343 1454 408 1517 sint
430 1453 585 1537 requiris3
611 1450 812 1537 apparebunt
834 1454 985 1534 tempore.

256 1566 326 1653 Ego
350 1567 511 1651 quondam
533 1567 599 1652 legi
622 1586 720 1651 quam
742 1584 826 1651 puer
848 1566 1041 1631 seutentiam

226 1726 229 1732 -
259 1680 391 1764 „Palam
415 1681 545 1746 muttire
569 1679 694 1765 plebeio
717 1677 942 1765 piaculumst'’,

256 1793 343 1860 Dum
367 1797 487 1861 sanitas
511 1795 670 1861 constabit
692 1795 825 1880 pulchre
848 1796 1032 1861 meminero.

170 1944 233 2024 Qui
256 1965 372 2012 sensus
395 1946 437 2011 sit
458 1964 614 2012 versuum

222 2149 225 2153 .
258 2096 384 2163 excedit
406 2096 534 2162 animus
557 2114 653 2180 quem
676 2096 844 2181 proposuit
868 2096 1062 2180 terminum3

257 2209 314 2276 sed
337 2196 507 2276 difficulter
529 2209 713 2274 continetur
736 2210 868 2294 spiritus

124 2374 217 2438 iuxta
247 2392 322 2438 cum
352 2371 565 2457 ignauissimis
597 2389 650 2436 me
678 2372 826 2456 ignorare
847 2368 965 2453 fateor;
990 2372 1048 2437 sed
1069 2390 1153 2456 quae

124 2489 308 2570 sequuntur
338 2489 404 2550 tum
435 2489 512 2551 sunt
534 2486 703 2570 perspicua
726 2487 764 2549 ut
784 2483 899 2550 inutile
921 2485 964 2550 sit
984 2485 1026 2551 iis
1049 2485 1151 2570 expli·

125 2601 235 2665 caudis
256 2600 437 2682 immoreri3
460 2618 563 2664 uuum
586 2598 647 2663 hoe
670 2598 757 2663 dico:
781 2598 918 2664 ridicule
937 2597 1066 2664 sibimet
1083 2600 1153 2683 ipse

126 2714 296 2780 oblocutus
330 2719 414 2779 esset
447 2717 541 2797 putta
574 2713 603 2777 si
636 2713 697 2777 hoc
729 2711 881 2777 dixisset:
915 2730 994 2796 „ego
1024 2716 1153 2797 propter

125 2829 296 2911 licentiam,
320 2847 384 2912 qua
406 2828 441 2891 in
464 2825 632 2892 scribendo
657 2845 737 2891 usus
761 2845 833 2892 sum
856 2824 1076 2910 improborum
1097 2825 1152 2891 ob-

125 2945 247 3008 noxius
270 2961 343 3007 sum
366 2941 545 3006 calumniis.
567 2938 674 3025 Rogas
695 2958 746 3005 me
765 2939 823 3024 qui
841 2938 889 3003 illi
908 2939 989 3021 sint;
1009 2942 1153 3004 nonam

125 3076 179 3122 ero
220 3057 349 3140 ineptus
392 3053 646 3139 inprudensque
679 3058 717 3119 ut
750 3072 805 3119 eos
835 3055 1016 3118 nominem:
1053 3072 1151 3137 quam

125 3173 212 3237 enim
237 3170 428 3236 senteutiam
451 3168 527 3233 olim
549 3186 632 3252 puer
651 3168 687 3232 in
709 3167 787 3232 ludo
811 3166 909 3233 didici

128 3339 272 3352 ——

159 3427 187 3497 1)
213 3429 270 3482 Iam
296 3444 368 3482 nuuc
391 3429 517 3482 admoneo
537 3430 659 3482 lectorem
681 3444 725 3482 mc
746 3443 852 3496 prorsus
867 3429 988 3482 assentiri
1002 3429 1153 3499 editoribus,

125 3521 172 3587 qui
198 3521 346 3574 Broterium
371 3522 453 3574 monti
475 3521 524 3574 boc
544 3536 650 3575 carmen
674 3524 843 3592 (pepererat
860 3521 1008 3589 mihiquac
1023 3523 1151 3576 scribam”

126 3627 149 3664 e.
158 3627 185 3679 q.
193 3613 227 3675 s.)
250 3613 279 3664 in
296 3611 350 3664 due
366 3613 426 3664 libri
444 3613 489 3679 111,
505 3613 570 3665 illud
587 3614 656 3679 quod
673 3628 689 3664 a
705 3627 796 3665 versu:
816 3626 894 3681 „cum
911 3614 1080 3668 destinassem
1096 3621 1151 3668 tar·

126 3703 231 3755 minum
248 3704 318 3770 operi
334 3703 464 3756 statuere”
482 3703 572 3770 incipit
587 3703 616 3755 in
631 3704 707 3757 initio
723 3703 783 3757 libri
798 3709 950 3771 posueruut
