2676 4290
646 339 691 403 43

153 525 277 610 videor,
298 524 502 610 'probabilem
533 525 587 591 vel
616 544 724 591 veram
755 542 826 591 esse
856 543 1023 608 nunquam
1051 521 1181 588 demon·

155 643 261 705 strare
288 641 408 723 potero.
441 638 505 704 Sed
536 639 575 704 de
598 639 781 703 coniectura
803 654 875 703 mee
900 635 1059 722 quidquid
1082 636 1180 701 sentit

154 754 264 837 lector,
281 771 399 839 negare
417 771 512 819 nemo
531 757 636 839 potest
648 773 745 838 quam
757 753 844 838 apud
855 751 1032 819 Romulum
1042 751 1181 836 legimus

154 867 301 934 fabulam
324 868 364 934 de
387 886 466 933 eane
488 868 686 933 calumnioso
709 865 811 932 multo
834 870 994 952 praestare
1015 865 1064 930 illi
1084 885 1181 950 quem

155 983 199 1049 de
230 983 340 1048 eodem
361 985 551 1068 argumento
574 980 671 1047 habet
693 980 868 1046 Phaedrus
890 978 1051 1045 Romulus
1073 982 1182 1045 autem

155 1096 218 1161 ille
239 1095 336 1181 vulgo
358 1094 495 1160 Phaedri
516 1094 737 1180 paraphrastes
761 1093 940 1178 appellator
952 1091 987 1175 ¹),
1008 1110 1123 1177 neque,
1146 1096 1184 1158 ut

155 1209 280 1294 opinor,
301 1209 438 1289 iniuria3
462 1210 540 1274 satis
563 1209 650 1273 enim
661 1208 869 1293 perspicuum
884 1210 1019 1272 esteum
1030 1205 1183 1290 pleraque

155 1323 266 1388 omnia
288 1341 308 1388 a
328 1320 474 1386 Phaedro
493 1322 670 1406 sumpsisse
689 1324 721 1386 et
740 1338 854 1385 versus
870 1320 941 1385 eius
956 1321 992 1383 in
1003 1319 1183 1403 pedestrem

154 1453 338 1502 sermonem
367 1435 561 1519 dissolvisse,
592 1434 649 1500 sed
672 1435 772 1500 simul
794 1435 867 1499 iure
889 1433 969 1497 mihi
991 1431 1184 1499 contendere

154 1548 270 1613 videor
300 1547 396 1612 etiam
418 1551 543 1633 praeter
565 1546 748 1612 Phaedrum
771 1545 870 1611 alium
892 1547 922 1612 ei
945 1549 1060 1610 notum
1081 1543 1184 1611 fuisse

154 1661 278 1726 iontem
309 1679 327 1726 e
357 1680 421 1746 quo
451 1659 577 1727 fabulas
607 1680 684 1726 suas
713 1660 864 1725 hauriret.
890 1658 1074 1726 Permultae
1096 1660 1183 1725 enim

156 1778 237 1840 sunt
257 1774 433 1840 sententiae
454 1774 489 1838 in
512 1772 631 1860 quibus
653 1772 784 1839 Romuli
806 1771 904 1839 verba
923 1792 942 1837 a
963 1772 1100 1852 Phaedri
1111 1791 1182 1839 ver·

156 1886 250 1954 sibus
263 1887 433 1969 recedunt3
449 1888 579 1953 illarum
594 1890 701 1953 autem
715 1887 1000 1972 discrepantiarum
1011 1887 1184 1972 pleraeque

155 2003 250 2089 parvi
282 2007 360 2068 sunt
392 2004 563 2084 momenti3
597 2001 680 2067 aliae
714 2003 773 2067 uni
805 1999 936 2066 Romuli
966 2001 1121 2066 stultitiae
1152 2005 1183 2067 et

155 2117 286 2200 impuro
304 2116 443 2181 sermoni
463 2119 541 2180 sunt
559 2114 796 2198 adscribendae,
816 2132 923 2199 neque
941 2118 1050 2180 tamen
1066 2115 1184 2180 desunt

158 2247 178 2293 e
201 2226 320 2313 quibus
349 2227 471 2313 liquide
493 2232 642 2314 appareat
665 2229 759 2294 etiam
781 2225 914 2292 Romuli
935 2230 1079 2312 tempore
1102 2229 1184 2293 anti·

158 2343 310 2427 quiomm
336 2341 539 2427 quarundam
568 2339 751 2406 fabularum
781 2338 985 2425 Graecarum,
1008 2358 1184 2436 earumque

157 2455 429 2542 lepidissimarum
469 2460 626 2522 servatam
664 2454 765 2520 fuisse
800 2455 996 2539 memoriam,
1031 2473 1122 2540 quae,
1155 2456 1184 2522 si

158 2571 278 2635 unicus
307 2572 385 2634 tune
410 2567 594 2634 fabularum
618 2569 830 2654 Aesopiarum
853 2568 925 2634 fons
947 2568 1061 2634 fuisset
1082 2567 1184 2635 Phae·

160 2683 239 2748 drus
271 2701 404 2767 prorsus
433 2683 637 2748 interiissent.
663 2680 704 2747 Id
725 2684 832 2747 autem
856 2681 1078 2766 comparandis
1099 2682 1185 2748 inter

193 2902 221 2968 1)
243 2902 349 2954 Primus
370 2902 417 2968 qui
438 2902 544 2954 Romuli
565 2902 637 2955 labor
652 2903 733 2955 fuerit
751 2902 883 2970 ingeniosa
898 2904 1028 2970 perspexit
1044 2903 1184 2968 docuitque
1310 2965 1312 2971 ¹

159 2994 328 3046 Burmannus
344 2993 384 3057 (ed
401 2993 430 3045 L.
440 2992 469 3044 B.
485 2992 568 3062 1727),
586 3008 667 3059 quem
683 3009 760 3047 nune*
771 2995 888 3061 plerique
895 2995 1017 3063 philologi
1026 2998 1181 3060 mquuntur.

157 3084 289 3153 Oeetcrley
314 3099 342 3136 se
366 3098 471 3151 prorsus
496 3085 642 3138 Burmanni
665 3088 808 3140 sententiae
831 3087 953 3140 assentiri
969 3087 1029 3139 libri
1046 3087 1088 3139 sui
1105 3087 1183 3139 titulo

157 3174 294 3244 significat.
320 3173 406 3236 Quam
432 3190 493 3228 vera
516 3177 561 3230 illa
585 3177 620 3229 sit
641 3179 714 3230 nullo
730 3183 885 3245 argumento
899 3178 994 3230 melius
1011 3177 1184 3230 demonstrari

157 3273 243 3336 petest
267 3283 348 3334 quam
372 3268 416 3319 illo
440 3283 494 3335 quo
516 3270 647 3323 Lucienus
670 3269 764 3323 ldriller
780 3285 846 3322 usus
861 3275 915 3323 est:
930 3271 953 3322 is
968 3268 1041 3322 euim
1059 3270 1184 3337 singulari

157 3360 268 3414 artificio
280 3357 382 3412 fabulas
398 3361 524 3427 quasdam
540 3361 654 3428 Romuli,
671 3376 739 3428 quae
754 3361 823 3428 apud
839 3361 988 3413 Phaedrum
1003 3369 1057 3413 non
1072 3365 1184 3428 exstant,

157 3451 188 3505 in
208 3466 298 3504 versus
313 3453 457 3505 transtulit.
474 3451 560 3514 Quare
576 3453 736 3520 obloquendo
753 3453 906 3506 Burmanno
924 3467 1028 3520 operam
1045 3453 1184 3520 perdidisse

158 3545 250 3612 opinor
264 3545 301 3597 du
318 3544 392 3598 Meril
407 3561 432 3612 p.
448 3544 480 3599 91
498 3560 555 3612 sqq.
572 3545 772 3599 accuratissime
788 3547 858 3599 hanc
873 3546 1054 3611 quaestionem
1062 3546 1184 3599 necent

159 3636 239 3702 Roth,
255 3636 297 3688 die
312 3635 545 3692 Mittelcltcrliehen
562 3636 750 3709 Samrulungen
762 3636 1106 3692 lateinischer'l'hieriubeln.
1115 3636 1183 3690 Phil.

88 3789 91 3796 ¹
157 3726 178 3779 L
195 3741 220 3792 p.
237 3723 295 3780 523.
311 3741 368 3794 sqq.
