2676 4290
636 200 679 263 38

189 386 292 453 Paulo
321 384 426 451 fusius
456 385 496 451 de
526 387 641 470 quarto
672 383 755 449 libro
778 383 1000 449 disserendum
1024 382 1107 448 duxi
1133 386 1174 448 nt

148 505 180 568 et
214 504 370 587 quantum
402 500 467 565 iam
497 519 516 564 a
545 501 680 584 pristina
711 498 894 565 deflexisset
916 500 970 563 via
993 502 1025 564 et
1048 501 1174 584 quanto

147 616 250 701 magis
291 634 388 700 quam
429 618 522 681 antea
558 615 598 680 de
634 634 694 681 sua
727 613 861 700 gloriola
895 613 1051 680 sollicitus
1086 617 1174 680 esset

148 732 322 814 appareret.

194 839 352 919 Quintum
384 838 504 910 librum
537 840 572 904 in
605 840 712 905 lucem
742 839 840 906 edens
870 841 934 905 iam
965 858 1003 905 eo
1025 840 1175 924 pervenit

149 955 349 1040 arrogantiae
371 957 465 1039 potita
486 957 523 1019 ut
546 953 627 1018 nihil
649 954 751 1039 magis
774 957 898 1019 metuat
920 973 1017 1039 quam
1034 954 1175 1038 nequis

149 1072 240 1154 putet
261 1068 438 1153 quidquam
457 1086 492 1133 se
510 1067 638 1151 Aesopo
657 1066 779 1132 debere.
802 1066 855 1150 „Si
867 1066 964 1153 ergo''
976 1068 1020 1132 ait
1033 1067 1177 1152 „Aesopi

149 1199 268 1247 nomen
302 1182 400 1246 etiam
433 1179 553 1246 alicubi
581 1180 813 1265 interposuero‚
845 1179 901 1246 fiet
933 1181 995 1245 hoc
1025 1184 1063 1246 ut
1084 1180 1178 1248 illins

150 1295 290 1362 auctoris
311 1294 443 1359 nomine
465 1295 609 1359 carmina
630 1312 701 1359 mea
722 1293 897 1375 illustrem
920 1293 984 1378 ipsi
1007 1294 1094 1360 eninr

284 1456 410 1525 reddidi
431 1456 620 1522 iamdudum
643 1456 802 1542 quidquid
825 1454 943 1522 debui'’

153 1652 235 1719 quae
264 1631 364 1699 verba
394 1634 423 1700 si
452 1636 599 1698 scemate
620 1632 840 1717 interpretaris
862 1632 943 1696 nihil
965 1632 1053 1698 aliud
1075 1633 1179 1718 signi·

152 1747 249 1813 ficare
278 1751 415 1834 possunt
443 1765 559 1832 quam:
586 1746 706 1829 „multo
729 1745 837 1830 plures
860 1744 986 1812 fabulas
1008 1766 1028 1811 a
1050 1764 1103 1811 me
1125 1747 1180 1811 in-

153 1865 266 1928 ventas
297 1860 425 1946 Aesopo
449 1857 551 1925 tribui
574 1879 672 1944 quam
694 1857 735 1924 ab
757 1859 813 1924 illo
835 1857 972 1945 accepi''
994 1857 1181 1944 Supersunt

155 1978 262 2042 autem
284 1974 384 2039 huius
405 1972 480 2037 libri

287 2105 346 2153 sex
367 2085 494 2152 fabulae
516 2085 690 2172 Aesopias:
716 2086 746 2168 2,
769 2085 799 2169 3,
822 2085 853 2168 4,
877 2083 909 2171 6,
934 2085 963 2170 9,
987 2083 1028 2149 10

286 2202 349 2266 tn‘a
374 2198 584 2284 „anecdota'':
611 2200 641 2283 1,
664 2199 694 2284 5,
719 2199 747 2262 7.

155 2315 323 2381 Praeterea
346 2313 531 2379 Occasionis
554 2312 675 2399 effigies
698 2311 888 2378 describitur
911 2313 940 2376 8.

199 2429 371 2516 Nusquam
395 2433 502 2494 autem
525 2430 560 2493 in
582 2428 633 2494 his
656 2427 777 2512 Aesopi
798 2445 926 2510 nomen,
949 2425 1035 2511 quod
1059 2425 1182 2510 saepis·

157 2545 239 2610 sime
270 2544 306 2608 in
338 2542 421 2608 libro
454 2541 515 2627 ΠΙ,
547 2560 607 2607 neo
639 2559 712 2606 raro
746 2542 782 2605 in
811 2539 860 2604 IV
881 2540 1008 2625 legitur,
1031 2540 1182 2605 occurrit

158 2657 306 2723 Fortasse
336 2656 371 2720 in
400 2653 521 2721 fabulis
553 2654 652 2720 huius
682 2651 756 2718 libri
786 2671 869 2738 quae
891 2653 1057 2738 perierunt
1079 2653 1184 2717 semel

158 2773 341 2856 iterumque
363 2770 504 2854 positum
524 2767 596 2853 fuit,
619 2767 675 2833 sed
698 2767 830 2833 minime
841 2770 964 2832 certum
975 2766 1037 2831 hoc
1048 2764 1184 2850 quidem

159 2889 216 2952 est
250 2882 449 2950 Contendere
482 2883 569 2948 enim
602 2881 703 2947 nolim
732 2882 826 2947 illum
857 2899 963 2947 errare
986 2881 1043 2966 qui
1065 2898 1185 2946 versus

293 3046 415 3130 Aesopi
435 3063 554 3110 nomen
576 3041 681 3110 sicubi
703 3045 924 3128 interposuere

294 3159 494 3227 auctoritatis
517 3176 588 3224 esse
609 3160 689 3224 scito
711 3158 814 3244 gratia

162 3341 208 3405 ita
228 3335 430 3423 accipiendos
453 3334 561 3400 credat
581 3336 620 3398 ut
641 3336 734 3418 potita
756 3333 856 3415 dicat3
888 3333 936 3415 „si
958 3330 1039 3397 forte
1061 3331 1185 3416 impru-

165 3453 244 3520 dens
264 3452 300 3516 in
321 3451 383 3516 hoc
406 3465 535 3537 quoque
557 3446 639 3512 libro
661 3450 734 3512 utar
751 3447 873 3532 Aesopi
883 3448 1014 3512 nomine
1024 3447 1185 3514 monitum

164 3571 197 3635 te
226 3570 301 3632 anto
330 3563 414 3648 volo,
441 3562 550 3646 lector,
580 3579 632 3626 me
654 3559 688 3625 id
710 3560 936 3627 consuetudini
958 3559 1060 3647 magis
1085 3580 1184 3646 quam

19 3966 54 4128 r
166 3914 398 4129 Λ
