2676 4290
653 179 674 242 6

237 369 306 433 ovis
336 387 506 452 nunquam
537 386 572 432 se
601 366 641 432 ab
671 367 727 432 illo
757 385 873 451 panem
896 368 1064 451 accepisse.
1090 365 1172 432 Cum

232 485 310 547 ante
331 481 455 546 iudices
477 482 643 547 venissent
665 483 753 546 canis
776 500 811 546 se
832 481 913 545 dixit
931 480 1048 545 habere
1067 485 1174 554 testes.

235 595 444 668 Introductus
472 596 571 680 lupus
602 597 660 660 ait:
691 597 778 679 „seio
798 614 915 680 panem
936 596 1174 662 commodatum

237 709 318 774 ovi''.
342 709 550 774 Introductus
574 711 713 775 miluus:
738 729 865 792 „coram
884 709 955 775 me”
976 712 1083 794 inquit
1105 731 1176 793 „ac-

160 863 164 869 -
237 823 349 908 cepit''.
382 824 544 908 Accipiter
578 843 654 888 cnm
687 825 863 889 introiisset
896 824 1020 907 inquit:
1055 843 1174 907 „quare

237 941 362 1025 rogasti
397 939 484 1024 quod
517 937 713 1024 accepisti?’'
748 938 843 1003 Victa
877 940 946 1002 ovis
981 958 1001 1002 a
1037 937 1176 1003 testibus

236 1053 326 1118 falsis
349 1053 634 1118 iudicatur'arfius
646 1052 684 1135 (Ρ)
706 1052 798 1117 reddi
809 1052 856 1134 (Ρ).
877 1051 993 1116 Coacta
1011 1057 1175 1117 vernante

237 1172 365 1252 tempus
388 1167 479 1232 lanas
502 1186 578 1232 suas
600 1165 785 1231 vendidisse
809 1165 927 1230 dicitur
945 1170 983 1230 ut
1002 1165 1088 1249 quod
1109 1185 1176 1230 non

237 1283 358 1367 accepit
379 1281 536 1346 redderet.

194 1430 299 1509 Quam
327 1431 432 1515 lepide
459 1430 519 1495 hoc
541 1414 708 1494 narratum
731 1432 799 1511 est;
825 1432 946 1514 quanta
969 1430 1018 1494 ris
1043 1431 1177 1512 quanta-

151 1565 214 1631 que
237 1549 390 1610 venustas
412 1546 448 1608 in
470 1544 527 1608 illa
550 1544 806 1609 testimoniorum
828 1544 1032 1627 gradatione:
1059 1541 1177 1625 „scio'';

154 1679 281 1743 „coram
312 1658 393 1743 me”,
427 1676 546 1742 „quare
576 1659 700 1742 negasti
708 1655 746 1720 P''
769 1677 868 1740 quam
890 1658 1016 1742 egregie
1039 1656 1179 1740 denique

151 1775 280 1838 miseria
302 1774 349 1839 rei
371 1772 552 1838 innocentis
576 1771 634 1836 sed
657 1773 785 1855 propter
803 1771 934 1835 testium
946 1769 1180 1855 improbitatem

151 1887 293 1951 damnati
315 1885 585 1970 hocdepingitur
608 1882 840 1948 additamento:
865 1887 993 1966 „comta
1013 1903 1091 1949 vero
1104 1888 1179 1949 ante

152 2006 280 2085 tempus
305 2001 397 2065 lanas
421 2020 497 2065 suas
520 1999 704 2064 vendidisse
728 1999 845 2063 dicitur
867 2002 905 2062 nt
928 1998 1015 2082 qnod
1037 2018 1104 2063 non
1126 2017 1180 2062 ac-

152 2116 235 2199 cepit
254 2112 429 2178 redderet’'.
448 2112 565 2178 Hercle
578 2113 674 2176 illam
691 2111 834 2176 fabulam
847 2113 875 2176 si
885 2110 1050 2177 Lucienus
1062 2111 1179 2176 Miiller

155 2226 321 2311 „versibus
345 2227 553 2312 expolivisset
576 2224 741 2309 senariis’',
763 2224 953 2291 haberemus
974 2244 1057 2309 quae
1077 2227 1180 2289 omni-

152 2340 215 2406 bus
238 2340 376 2405 Phaedri
398 2338 517 2405 fabulis
538 2340 634 2424 longe
653 2342 834 2424 praestaret.
855 2336 941 2414 Quid
959 2338 1179 2404 veronoster?

242 2489 455 2555 calumniator
477 2488 517 2555 ab
542 2508 601 2554 ore
625 2509 726 2573 quum
750 2491 870 2573 peteret
893 2489 990 2572 canis,

245 2623 342 2688 quem
365 2604 584 2669 commodasse
605 2622 721 2688 panem
745 2621 780 2668 se
803 2603 1017 2687 contenderet,

242 2717 340 2802 lupus
365 2718 481 2782 citatus
505 2719 596 2784 testis
613 2736 687 2811 non
710 2735 814 2780 unum
840 2716 935 2780 modo

245 2830 353 2896 deberi
376 2831 468 2914 dixit,
491 2845 606 2896 verum
628 2829 799 2894 affirmarit
822 2830 939 2894 decem.

245 2944 323 3011 Ovis
347 2945 495 3010 damnata
516 2944 597 3010 falso
621 2946 802 3011 testimonio

246 3061 334 3146 quod
355 3079 421 3124 non
445 3058 578 3125 debebat
600 3061 705 3125 solvit
729 3059 808 3124 Post
830 3079 950 3144 paucos
973 3061 1041 3126 dies

244 3174 358 3240 bidens
380 3174 538 3239 iacentem
558 3176 594 3264 in
612 3172 705 3239 fovea
728 3174 896 3258 conspexit
920 3174 1053 3258 lupum:

244 3288 332 3371 haee,
354 3288 470 3372 inquit,
493 3305 615 3352 merces
637 3285 761 3352 fraudis
784 3308 803 3353 a
827 3287 952 3372 superis
975 3287 1076 3353 dabir.

204 3438 270 3504 Cur
304 3458 322 3505 e
354 3438 459 3505 tribus
488 3440 680 3506 testimoniis
710 3458 815 3504 unum
845 3438 943 3505 fecit?
967 3436 1032 3504 Cur
1055 3458 1183 3504 omnem

159 3553 349 3638 elegantiam
376 3554 516 3637 quaein
538 3553 671 3637 antiqua
695 3556 742 3618 est
764 3551 873 3618 fabula
895 3588 940 3602 —
962 3572 1038 3618 nam
1061 3551 1182 3619 Romn-

197 3964 433 4140 Λ
