2676 4290
618 315 661 379 63

163 499 197 564 L
233 500 273 583 V,
307 502 336 565 2.
371 499 461 566 Haec
491 500 602 566 fabula
635 500 721 586 apud
752 499 936 566 Phaedrum
967 501 1028 565 hoc
1051 499 1146 566 habet

120 614 354 699 epimythium:

252 799 305 864 Ilh'
327 800 484 885 assignari
509 800 603 866 debet
625 800 706 865 haec
734 801 883 881 narratio,
908 864 913 879 ,

256 915 371 999 quire
395 915 537 979 secunda
558 913 651 978 fortis
674 917 731 996 est,
755 913 853 978 dubia
875 912 986 998 fugax,

166 1089 258 1155 Caret
279 1109 317 1155 eo
340 1090 408 1154 eod.
431 1089 472 1174 V,
491 1093 526 1154 in
546 1109 611 1174 quo
623 1089 844 1175 promythium
856 1089 1021 1173 pedestre:
1039 1087 1153 1154 multos

119 1202 157 1266 io
179 1200 272 1267 reims
293 1203 439 1268 secundis
460 1202 558 1284 fortes
580 1223 653 1288 esse,
677 1203 734 1286 poi
756 1202 792 1267 in
813 1202 919 1267 dubios
940 1207 1018 1267 sunt
1040 1201 1152 1267 timidi.

165 1314 199 1379 L
223 1315 262 1381 V.
287 1318 316 1381 3.
338 1315 491 1401 Legimus
515 1317 601 1401 apud
623 1316 807 1382 Phaedrum
831 1317 1061 1401 epimythium:

210 1491 282 1557 Hoc
305 1496 532 1577 argumentum
555 1493 684 1558 veniam
708 1493 852 1557 dandam·
868 1491 916 1555 illi
940 1492 1031 1557 dooet

211 1607 268 1690 qui
292 1625 370 1671 casu
392 1611 517 1691 peceat:
542 1626 615 1670 nam
643 1608 700 1690 qui
723 1606 858 1671 oonsilio
882 1610 931 1670 est
955 1624 1084 1689 nocens,

209 1719 302 1784 illum
325 1738 395 1785 esse
419 1721 535 1804 quavis
558 1737 662 1804 poena
685 1719 820 1804 dignum
843 1718 960 1783 iudico.

163 1894 253 1959 Idem
278 1894 370 1959 docet
391 1893 521 1959 Perotto
545 1894 596 1960 his
620 1894 744 1959 verbis:
768 1894 819 1959 his
844 1893 900 1979 qui
921 1914 998 1958 eoru
1018 1899 1149 1973 percont

119 2007 259 2073 dandam
289 2028 354 2072 esse
381 2008 513 2086 oeniom,
543 2008 693 2094 quivero
715 2007 855 2073 casuro
877 2005 1076 2092 delinquunt,
1099 2024 1150 2071 eos

120 2141 186 2186 esse
203 2121 394 2204 puniendos.

166 2355 219 2420 An
242 2375 317 2439 ergo
341 2357 487 2441 quinque
509 2357 588 2423 haee
610 2357 758 2441 exempla
781 2355 949 2421 sufficiunt
967 2356 1008 2421 ad
1019 2354 1151 2421 Miilleri

123 2471 313 2534 sententiam
348 2470 570 2554 probandam?
605 2470 748 2554 Minime,
782 2475 818 2535 ut
853 2471 975 2554 opinor.
1005 2469 1154 2535 Primum

123 2583 210 2648 enim
232 2603 335 2668 pauca
358 2602 395 2648 ea
417 2589 495 2648 sunt
518 2602 537 2648 e
559 2584 686 2648 multis:
711 2585 767 2648 oui
789 2585 907 2669 opponi
925 2585 1051 2668 possint
1061 2584 1155 2666 quio-

121 2695 219 2761 decim
249 2716 267 2762 θ
297 2696 417 2782 quibus
439 2697 564 2782 liquido
588 2698 785 2762 contrarium
809 2701 970 2782 appareat,
992 2696 1152 2761 duodecim

122 2829 206 2895 quae
235 2810 275 2875 ad
305 2812 462 2875 utramvis
492 2830 559 2875 rem
586 2809 866 2876 demonstrandam
890 2809 997 2875 afferri
1019 2811 1155 2895 possint

165 2922 268 2989 Multo
298 2943 374 3010 ergo
404 2924 484 2988 mihi
514 2923 713 3009 probabilius
744 2923 874 2989 ridetur
897 2924 1149 3009 epimythiorum

120 3037 444 3122 promythiorumque
483 3038 566 3102 hano
604 3056 675 3102 esse
705 3037 887 3102 historiam:
920 3037 1154 3122 Antiquissimi

121 3151 259 3216 Phaedri
294 3152 419 3217 oodioes
454 3171 621 3236 nunquam
657 3156 713 3217 aut
742 3151 809 3216 fero
844 3171 1013 3236 nunquam
1037 3150 1155 3216 fabulis

122 3263 231 3329 addita
260 3264 421 3330 habebant
450 3269 634 3350 praecepta3
666 3264 807 3349 pedestri
827 3284 976 3331 sermone
999 3284 1037 3331 ea
1060 3265 1155 3329 adiici

120 3381 233 3463 coepta
262 3383 354 3461 sunt3
385 3383 496 3465 postea
526 3378 665 3444 Phaedri
693 3378 821 3445 fabulae
852 3400 871 3444 a
896 3380 988 3445 docto
1013 3380 1153 3465 quodam

120 3491 251 3556 librario
282 3493 458 3578 descriptae
480 3493 574 3581 {sunt
599 3496 657 3579 qui
680 3514 792 3560 earum
815 3498 983 3580 praecepta
1004 3495 1154 3562 versibus

119 3606 309 3673 includeret.
332 3608 382 3673 Ita
406 3607 469 3673 duo
492 3627 610 3694 genera
633 3609 781 3674 codicum
803 3613 881 3674 nata
904 3614 998 3676 sunt:
1012 3629 1030 3675 e
1043 3610 1153 3676 codice

123 3721 181 3805 qui
203 3722 394 3807 antiquioris
413 3722 475 3788 fuit
492 3723 620 3809 generis
639 3743 716 3789 suas
732 3721 865 3789 fabellas
876 3721 911 3788 in
923 3723 1152 3809 Anthologiam
