2676 4290
194 513 237 600 H,
260 516 291 601 8,
315 516 368 581 11.

285 688 446 755 Frondem
468 688 630 755 bubulcus
649 688 750 774 111111,
772 688 820 754 nil
842 689 915 757 ideo
938 689 1033 755 ridet.

196 852 272 918 Non
312 853 488 920 addidisset
520 853 609 920 istud
641 851 708 920 aiae
742 852 907 920 Phaedrus
941 853 1006 918 nisi
1040 855 1181 919 metrum

152 967 315 1053 coegisset
340 967 424 1033 Vide
448 969 632 1054 sequentia:

285 1143 376 1209 Eunt
399 1143 536 1209 subinde
559 1148 590 1210 et
611 1145 747 1212 redeunt
770 1166 882 1213 omnes
904 1147 1030 1213 rustici.

284 1257 387 1324 Nemo
410 1259 644 1325 animadvertit

195 1444 284 1509 Vitia
307 1449 414 1510 autem
438 1445 478 1510 ab
500 1448 572 1531 ipso
594 1450 689 1531 poeta
711 1447 882 1512 commissa
905 1465 1000 1512 nemo
1024 1451 1089 1512 tam
1100 1446 1182 1513 felix

151 1563 201 1624 est
232 1560 362 1624 criticus
394 1562 431 1624 ut
453 1559 662 1644 probabiliter
684 1561 844 1646 corrigere
866 1561 976 1645 possit.
999 1559 1071 1626 Nisi
1094 1562 1180 1626 enim

150 1691 209 1757 pro
233 1672 317 1737 malo
339 1691 437 1739 versu
457 1674 528 1757 ipse
550 1692 673 1738 novum
695 1671 791 1738 faciat
812 1672 882 1739 fieri
905 1677 1088 1758 nonpotest
1101 1675 1181 1758 quin

151 1786 269 1850 vitium
302 1786 381 1850 vitio
416 1785 565 1870 expellat
595 1785 706 1870 Atque
734 1785 796 1850 hoo
826 1787 954 1873 saepius
976 1788 1012 1850 in
1034 1786 1180 1852 Phaedro

151 1919 218 1965 usu
239 1900 367 1966 venisse
389 1901 456 1964 iam
477 1898 713 1966 demonstrabo.

198 2073 225 2160 I,
249 2074 279 2160 1,
302 2076 332 2139 3.
640 2072 793 2160 Superior
815 2073 919 2142 stabat
939 2075 1048 2162 lupus,

287 2189 448 2276 longeque
469 2187 602 2254 inferior
624 2208 739 2274 agnus.

199 2351 253 2416 Ad
286 2352 374 2418 hunc
408 2371 539 2418 versum
574 2350 803 2417 Nauekius...
839 2351 896 2417 sed
926 2369 1010 2436 quae
1040 2353 1106 2416 sint
1128 2351 1185 2416 illa

153 2463 294 2530 Nauokii
341 2467 448 2532 studia
488 2465 690 2532 Phaedriana
731 2465 1007 2552 praemonendum
1047 2464 1185 2529 ridetur.

156 2578 319 2665 Occupato
351 2600 426 2666 ergo
456 2581 536 2646 mibi
565 2583 601 2646 in
631 2583 692 2647 hac
719 2581 984 2647 commentatione
1017 2578 1186 2644 scribenda

154 2695 292 2761 nuntius
326 2695 457 2760 affertur
486 2715 650 2762 summum
683 2696 776 2762 illum
799 2694 1059 2779 Petropolensem
1084 2695 1186 2779 philo·

154 2808 277 2894 logum,
318 2813 384 2874 tam
418 2811 546 2895 egregie
581 2810 620 2876 de
653 2809 755 2876 literis
790 2807 920 2873 Graecis
950 2809 1111 2892 meritum,
1146 2808 1186 2874 de

154 2921 301 2988 Phaedro
324 2923 402 2988 satis
425 2923 565 3008 amplam
589 2922 844 2990 dissertationem
866 2921 1062 2988 Academiae
1073 2921 1185 2988 Petro·

154 3036 296 3120 polensis
327 3037 406 3102 actis
436 3038 621 3103 inseruisse.
650 3036 787 3103 Omnem
809 3055 861 3102 me
883 3036 1023 3123 lapidem
1046 3036 1186 3101 movisse

155 3152 195 3214 ut
226 3149 315 3215 illam
350 3150 430 3214 mihi
463 3169 609 3235 pararem
642 3151 716 3236 quis
749 3170 817 3216 non
846 3150 1022 3236 intelligit?
1045 3148 1186 3214 Tandem

156 3262 237 3326 mihi
268 3264 339 3329 eius
370 3265 461 3349 copia
493 3263 578 3330 facta
600 3265 705 3331 laetus
729 3264 860 3329 domum
884 3282 977 3328 curro
1001 3261 1187 3347 librumque
1232 3285 1234 3290 ¹

156 3381 284 3444 curiose
305 3379 466 3463 pervolvo.
488 3379 593 3445 Video
617 3384 724 3445 autem
746 3379 931 3444 Nauckium
954 3378 1030 3443 licet
1051 3378 1104 3442 hic
1118 3377 1187 3442 illic

154 3493 332 3577 prudenter
354 3493 478 3579 aliquid
501 3493 678 3560 observarit
700 3499 808 3559 tamen
832 3493 914 3557 nihil
936 3492 1084 3558 attulisse
1100 3492 1186 3577 quod

155 3608 266 3693 magni
289 3612 374 3673 esset
395 3609 499 3693 pretii.
614 3670 617 3677 .

202 3718 296 3797 Quod
318 3739 422 3806 aequo
444 3723 552 3787 animo
575 3720 691 3789 ferrem
714 3759 756 3770 —
779 3722 910 3807 ineptus
934 3721 1021 3786 enim
1041 3720 1187 3787 essemsi
1310 3744 1312 3750 ·
