2676 4290
634 367 711 458 na

195 555 313 621 Nescio
336 576 377 621 an
395 554 577 641 recipienda
595 554 694 620 fuerit
705 553 845 619 Bentleii
859 552 1044 617 coniectura
1054 567 1179 634 aprum,

152 669 325 734 insidiosus
344 690 373 755 q.
385 689 413 734 v.
425 690 450 736 e.
471 667 581 734 Minus
595 668 680 734 enim
693 671 778 733 recte
791 667 984 732 adieetivum
997 663 1183 729 amiensem

153 785 279 848 nomini
308 802 423 864 oporam
450 783 582 868 epitheti
603 783 747 847 ornantis
769 779 871 846 instar
894 779 1030 862 additur,
1056 778 1182 863 egregie

154 915 230 962 vero
261 915 336 961 oum
365 896 430 962 illis
462 897 670 982 coniungitur
700 893 806 962 verbis
830 893 950 980 quibus
975 912 1055 978 quae
1078 895 1184 958 struat

155 1028 231 1095 aper
252 1008 386 1075 insidias
409 1009 617 1096 significatur.

199 1122 244 1188 ib.
270 1123 321 1187 17.

377 1210 498 1278 Dolosa
519 1216 587 1278 tuto
609 1211 752 1277 condidit
776 1229 846 1276 sese
869 1229 950 1275 oavo

203 1371 278 1438 God.
311 1373 347 1439 P.
378 1377 411 1439 et
440 1375 543 1461 prima
573 1393 688 1440 manus
720 1373 838 1439 codicis
867 1371 905 1436 R.
929 1371 1007 1436 dant
1031 1374 1102 1448 toto,
1124 1388 1183 1455 pro

155 1505 220 1572 quo
255 1486 374 1552 oodiois
407 1487 444 1553 a
480 1488 621 1554 secunda
654 1508 771 1553 manus
802 1485 938 1552 habebat
959 1491 1033 1550 tuto.
1067 1483 1186 1549 Utrum

155 1600 216 1665 hoo
238 1601 457 1687 recipiendum
481 1622 523 1668 an
544 1602 715 1688 legendum
740 1621 815 1667 oum
837 1599 972 1666 Heinsio
995 1604 1065 1665 noto
1084 1598 1188 1663 nostri

155 1734 227 1781 esse
250 1717 362 1801 opinor
381 1716 513 1782 arbitrii.
537 1716 629 1784 Certe
648 1735 814 1802 perperam
834 1714 956 1781 Harius
976 1716 1072 1800 negat
1084 1712 1188 1778 adiee-

155 1830 261 1895 tivum
283 1835 376 1894 notus
399 1829 545 1897 absolute
566 1833 644 1916 poni
667 1849 769 1916 posse.
794 1828 840 1894 cf.
860 1848 973 1896 versus
984 1827 1187 1913 virgilianus

159 1943 200 2009 de
221 1961 256 2009 re
280 1944 379 2010 simili

157 2106 317 2172 scandunt
338 2126 454 2173 rursus
476 2125 598 2191 equum
621 2111 653 2173 et
675 2111 751 2172 nota
774 2106 958 2172 conduntur
981 2105 1017 2170 in
1040 2103 1124 2169 alvo.

203 2269 246 2356 II,
270 2271 300 2356 5,
324 2270 465 2338 19-21.

248 2433 406 2519 Agnoscit
431 2435 594 2500 hominem
618 2433 734 2501 Caesar
752 2451 886 2519 remque
908 2432 1077 2520 intelligit3

250 2546 284 2611 id
308 2551 344 2612 ut
366 2551 492 2634 putavit
515 2568 585 2616 esse
608 2551 699 2616 neoio
723 2548 918 2635 quidboni:

251 2657 359 2725 Heus!
386 2661 494 2746 inquit
516 2662 678 2728 dominus.

209 2808 272 2887 Qui
307 2831 421 2878 versus
456 2813 498 2877 20
533 2832 650 2880 aeneus
683 2814 725 2878 sit
755 2811 888 2877 minime
917 2810 1081 2897 intelligo;
1112 2829 1191 2897 pree

162 2925 276 2990 ceteris
301 2944 378 2992 vero
400 2925 481 2991 mihi
502 2925 637 2992 molesta
659 2929 709 2993 est
730 2924 917 2990 coniunctio
939 2929 984 2990 ot.

207 3036 251 3123 11,
274 3038 305 3125 1,
328 3038 379 3103 14.

696 3128 779 3194 Tum
800 3127 944 3214 gaudeus
972 3125 1059 3193 ferus

297 3241 408 3308 Bobus
427 3242 545 3327 quietis
571 3260 664 3328 agere
687 3244 792 3328 coepit
813 3243 942 3328 gratias.

208 3391 284 3458 Iure
318 3392 485 3461 Bentleius
519 3414 577 3480 pro
611 3393 723 3479 quietis
746 3393 883 3460 edidisse
905 3393 1035 3458 videtur
1057 3391 1191 3475 quietus.

164 3504 276 3591 Inepte
311 3509 398 3574 enim
431 3507 512 3573 illud
543 3508 738 3573 adieetivum
773 3507 826 3572 hio
857 3507 896 3572 de
927 3505 1031 3571 bobus
1053 3507 1195 3591 ponitur,

163 3620 221 3686 sed
247 3623 424 3689 rectissime
447 3641 562 3689 oervue
584 3622 709 3708 quietus
730 3623 751 3687 i.
764 3640 790 3688 e.
812 3626 980 3707 tamquam
1004 3622 1070 3686 iam
1093 3621 1194 3687 vitato

164 3735 317 3823 periculo,
338 3737 458 3823 grtias
481 3739 586 3824 egisse
609 3737 736 3803 dicitur.

1078 3843 1096 3898 8
