2676 4290
645 313 686 377 96

285 516 364 562 usus
387 502 499 584 poetae
522 499 621 564 moris
644 503 693 564 est
715 499 845 564 lieentia

284 616 380 697 atque
402 613 594 699 interposuit
617 614 748 698 gemina
770 611 875 677 Ledae
897 613 1046 696 pignora,

284 727 504 791 auctoritatem
529 727 644 792 similis
667 715 809 792 referens
832 726 961 810 gloriae.

195 886 252 952 Vs.
283 889 313 952 8.
346 888 513 954 Bentleius
543 889 656 974 probat
686 888 894 958 Rittershusii
925 874 1192 954 emendationem

146 1005 241 1085 po‘e‘to
263 1021 321 1087 pro
342 1006 458 1083 poetae.
483 1002 546 1068 Sed
566 1023 664 1088 quam
683 1002 798 1088 frigide
816 1007 889 1087 post
909 997 1089 1068 Simonides
1111 1001 1196 1066 Mem

151 1113 203 1180 ote
232 1114 269 1180 cte
292 1135 351 1200 quo
374 1115 482 1181 rettuli
504 1116 686 1182 subiectum
709 1117 798 1182 nudo
824 1118 888 1181 isto
912 1115 1070 1181 vocabulo
1093 1121 1193 1197 poeta

34 1312 38 1322 ι
151 1230 313 1313 repetitur.
333 1228 375 1293 Et
395 1230 508 1315 quidni
526 1231 561 1294 in
580 1233 762 1295 narratione
786 1229 838 1295 vel
860 1232 906 1294 sio
923 1229 1018 1314 plena
1030 1232 1194 1296 sermonis

153 1343 353 1409 macularum
377 1345 482 1409 dicere
504 1347 611 1429 potuit
634 1344 801 1410 Phaedrus
816 1348 927 1426 politae
946 1344 1044 1408 moris
1063 1343 1195 1410 leonata

154 1477 211 1542 pro
237 1457 478 1540 lieentia-poitis
504 1460 649 1526 uelato?

197 1569 260 1636 Sed
283 1592 415 1637 manum
439 1573 478 1638 de
500 1573 627 1638 tabula!
652 1573 763 1639 Unum
787 1573 848 1639 hoo
871 1573 954 1637 addo
976 1590 1018 1636 ne
1040 1573 1117 1657 quis
1140 1591 1193 1637 me

152 1685 286 1751 ridicule
308 1691 509 1771 arrogantem
532 1687 648 1752 elamet
672 1688 729 1772 qui
747 1686 985 1772 philologorum
1005 1686 1189 1770 prinoipem

152 1801 335 1884 vituperare
357 1820 424 1866 non
447 1819 568 1884 verear,
591 1800 656 1866 fere
680 1803 843 1866 neminem
868 1819 938 1866 esse
957 1818 1052 1884 posse
1074 1801 1131 1864 oui
1154 1799 1193 1864 de

151 1910 298 1978 Bentleio
333 1914 491 1978 iudicium
523 1913 607 1979 ferre
640 1914 744 1996 lieeat,
779 1914 819 1978 ad
854 1913 1044 1978 Phaedrum
1079 1916 1191 1977 autem

29 2092 31 2096 .
154 2026 393 2092 emendationes
427 2027 498 2092 eius
532 2027 692 2111 pensitare
727 2027 872 2092 cuiusvis
906 2044 986 2091 esse.
1018 2025 1191 2091 Praeterea

153 2159 255 2224 quum
278 2142 312 2204 in
336 2140 424 2206 hune
445 2140 591 2206 libellum
615 2140 766 2225 colligere
789 2141 907 2206 vellem
934 2139 1096 2225 quidquid
1108 2139 1189 2204 mihi

151 2258 224 2338 post
246 2254 381 2339 longum
403 2259 638 2338 strenuumque
661 2256 696 2319 in
720 2254 867 2319 Phaedro
891 2254 1032 2338 positum
1044 2251 1190 2317 laborem

155 2371 269 2431 natum
312 2373 396 2433 esset
439 2369 638 2453 opinionum,
673 2387 755 2453 quae
792 2388 811 2433 a
846 2367 1012 2432 communi
1045 2367 1192 2430 virorum

157 2480 324 2546 doctorum
356 2483 516 2546 sententia
538 2482 584 2547 ita
607 2482 770 2548 differrent
793 2486 832 2546 ut
853 2481 940 2545 haud
963 2479 1080 2544 inutile
1102 2478 1191 2543 vide-

153 2598 243 2660 retur
264 2614 317 2660 eas
340 2595 462 2680 publiei
484 2597 565 2662 iuris
588 2596 704 2679 facere,
728 2615 793 2660 non
816 2595 908 2681 potui
932 2593 1019 2679 quod
1046 2592 1128 2657 mihi
1152 2591 1191 2658 de

150 2707 291 2773 Bentleii
324 2709 602 2775 emendationibus
631 2708 838 2774 informatam
876 2707 1039 2772 iudicium
1063 2706 1192 2773 silentio

158 2839 310 2905 premere.
