2676 4290
653 342 716 406 106

220 528 284 594 Pro
308 531 450 595 secundo
473 550 571 596 versu
593 531 760 598 Nauckius
783 533 954 618 legendum
978 539 1093 600 censet

262 711 384 773 vestras
406 708 441 771 in
465 726 576 791 capsas
599 709 724 774 chartas
746 708 926 775 transfertis
948 729 1044 775 meas.

218 871 282 937 Sed
316 877 348 937 et
382 870 626 954 κακοφωνότατον
661 877 709 938 est
743 874 833 939 istud
864 879 975 957 capsae
1008 873 1143 940 chartac
1176 879 1208 942 et

174 991 317 1052 remanet
341 987 451 1052 eadem
475 986 645 1052 difficultas
670 1006 754 1073 qnae
776 990 881 1054 estin
905 989 1036 1073 vulgata
1054 989 1207 1056 lectione.

174 1099 336 1166 Molestius
366 1103 453 1166 enim
476 1102 601 1166 nulium
625 1103 707 1186 parit
729 1101 923 1167 vocabulum
944 1107 1070 1187 praeter
1093 1109 1206 1169 tratre·

96 1202 99 1207 ⁵
173 1216 279 1297 fartim
304 1221 430 1300 recepta
452 1220 559 1281 autem
578 1215 717 1281 Nauchii
730 1217 912 1281 coniectura
923 1216 1106 1282 censendus
1120 1222 1207 1283 esset

176 1331 339 1396 Particule
373 1330 512 1396 Phaedri
553 1330 735 1395 fabularum
776 1331 940 1416 exemplar
981 1331 1037 1395 alii
1072 1331 1206 1397 cuidam

174 1445 312 1510 Phaedri
344 1447 445 1509 amice
476 1445 667 1531 surripuisse
689 1446 765 1528 (quc
788 1446 873 1509 enirn
897 1444 960 1509 atie
982 1444 1078 1508 mode
1102 1447 1207 1530 accipi

175 1563 282 1644 posset
304 1558 404 1624 libros
427 1561 461 1622 in
485 1578 597 1643 capsas
617 1578 693 1623 suas
713 1556 941 1640 transferred„
962 1559 1207 1643 siniurulgata

173 1673 309 1738 lectione
332 1675 567 1758 acquiescimus
590 1671 752 1737 Particulo
777 1673 895 1737 dicitur
916 1673 951 1734 in
972 1671 1206 1756 aliquolibellc

173 1788 227 1853 vel
258 1788 390 1871 epistola
420 1786 581 1851 interdum
611 1785 749 1851 Phaedri
780 1786 969 1850 sententiam
992 1786 1137 1870 aliquam
1161 1787 1206 1850 ci·

173 1906 267 1967 tasse.
297 1901 414 1966 Utrum
446 1900 572 1965 facilius
604 1901 645 1966 sit
675 1900 717 1965 ad
738 1899 932 1964 credendum
956 1919 1022 1964 non
1047 1919 1131 1984 epus
1155 1904 1207 1965 est

175 2015 287 2079 dicere.

220 2128 278 2213 IV,
302 2129 332 2212 6,
356 2128 384 2191 1.

309 2304 391 2370 Cum
412 2307 491 2370 victi
514 2325 622 2371 mures
646 2307 855 2370 mustelarum
878 2304 1022 2369 exercitu

306 2419 454 2504 fugerent
477 2424 509 2484 et
531 2423 617 2484 artos
640 2420 759 2484 cneum
783 2418 977 2503 trepidarent
999 2437 1104 2499 caros,

308 2552 402 2619 aegre
423 2536 542 2618 recepti
566 2537 673 2598 tamen
697 2536 868 2598 evaserunt
890 2549 1010 2597 necem.

219 2698 293 2764 Sive
322 2699 441 2763 retines
472 2696 606 2761 enarrata
637 2697 705 2762 sive
737 2715 812 2760 cum
841 2695 988 2759 Bentleio
1011 2694 1092 2778 legis
1115 2714 1204 2758 eaer-

173 2813 276 2895 cc'tam,
308 2811 529 2895 ineptissimus
564 2813 612 2874 est
646 2829 760 2874 versus
792 2809 924 2893 primus.
962 2806 1083 2871 Anime
1114 2808 1203 2871 enirn

173 2926 233 2991 tibi
267 2925 362 3010 finge,
396 2924 503 3008 lector,
538 2943 646 2989 mures
677 2925 778 2989 victos
810 2943 828 2986 a
859 2922 1005 2986 mustelis
1036 2921 1203 2986 nimirum.

173 3039 312 3105 Necesse
346 3042 394 3103 est
428 3057 504 3122 erge
529 3057 583 3103 eos
614 3057 725 3103 revera
751 3055 939 3120 congressus
964 3052 1034 3100 esse
1057 3038 1089 3099 et
1110 3053 1204 3119 proe-

175 3269 408 3351 comparatam;
452 3266 618 3331 exanimes
660 3267 746 3330 enim
790 3265 1057 3347 semianimesque
1091 3282 1204 3330 mures

176 3379 335 3467 quomodo
360 3378 470 3463 supere
491 3381 590 3444 immo
611 3379 738 3444 evadere
755 3379 919 3464 potuerint
937 3397 1005 3442 non
1024 3376 1128 3441 video.
1141 3375 1206 3442 Sed

175 3499 306 3563 initium
336 3516 401 3562 non
434 3501 482 3562 est
512 3497 652 3580 ineptius
683 3515 780 3579 quam
806 3494 933 3577 reliqua
961 3491 1081 3575 fabula,
1104 3511 1207 3576 quam

175 3612 222 3675 sic
252 3611 375 3675 narrari
407 3611 563 3694 oportuit:
588 3596 705 3691 murce,
728 3611 765 3671 ut
787 3606 935 3671 mustelis
957 3605 1106 3670 resistere
1128 3624 1207 3690 pos·

175 3727 257 3809 sent,
279 3725 378 3789 aciem
399 3724 591 3808 ordinesque
610 3723 714 3789 facere
725 3727 756 3787 et
767 3740 946 3806 paucorum
957 3720 1078 3785 dueum
1090 3739 1208 3804 parere
