2676 4290
610 314 651 378 79

154 502 331 567 Adduntur
342 501 376 565 hi
383 520 498 566 versus
505 499 634 565 fabulae
643 499 682 565 de
690 497 801 564 Scrofa
810 497 1005 582 parturiente
1014 499 1046 560 et
1053 495 1140 580 lupo.

243 637 337 716 Quod
360 641 388 704 si
414 638 566 725 perfidiae
589 657 623 703 se
646 637 854 702 commisissit
876 634 946 720 lupi

241 772 358 838 parens
381 751 494 836 dolori,
516 751 582 816 fata
604 750 752 816 deflesset
775 769 844 815 sua.

155 890 279 956 Abesse
312 891 400 956 haud
435 889 533 955 dubie
567 893 733 974 poterant3
769 888 902 952 minime
937 890 1045 952 tamen
1075 904 1143 949 mo-

106 1005 183 1070 lesti
205 1009 290 1070 sunt.

157 1116 248 1182 Idem
271 1117 310 1183 de
333 1118 449 1183 ultimo
472 1117 640 1202 sequentis
663 1116 816 1182 carminis
840 1133 939 1180 versu

244 1268 302 1332 tali
324 1269 491 1333 consiliost
512 1287 531 1332 a
549 1267 627 1352 fuga
650 1266 824 1332 deterritus

112 1405 322 1472 statuendum
346 1424 470 1471 censeo.

157 1518 234 1584 XX.
258 1517 344 1596 Quid
366 1518 406 1585 de
428 1519 564 1584 huiusce
587 1519 727 1603 exempli
750 1536 847 1583 versu
870 1517 984 1581 ultimo

147 1734 151 1746 ,
247 1689 323 1756 ergo
346 1672 442 1736 etiam
465 1670 574 1736 stultis
598 1671 686 1734 acuit
708 1670 877 1754 ingenium
899 1667 1001 1733 fames

114 1810 218 1875 dicam
252 1812 370 1876 nescio.
403 1810 443 1875 In
480 1811 579 1875 altero
611 1812 699 1874 enim
730 1808 933 1894 anthologiae
963 1806 1147 1872 Perottinae

114 1923 224 1988 codice
257 1923 384 2009 legitur,
418 1925 453 1987 in
484 1923 582 1989 altero
612 1942 679 1986 non
710 1923 844 2008 legitnr3
870 1922 985 1987 sedin
1008 1925 1148 2005 utroque

113 2037 331 2121 praemittitur
352 2036 509 2122 pedestris
531 2036 714 2121 inscriptio:
737 2035 868 2101 Famem
879 2033 1148 2100 couereoaimaa-

113 2149 198 2214 to'bus
219 2150 387 2234 inperitum.

158 2264 317 2331 XXVHL
347 2264 515 2349 Exemplo,
545 2284 622 2329 nam
651 2264 780 2330 fabulae
810 2282 928 2328 nomen
959 2263 1012 2327 hio
1035 2266 1146 2348 aptum

114 2398 181 2443 non
214 2384 272 2463 ost
307 2378 347 2444 de
380 2378 462 2444 fibro
498 2379 714 2464 praemittitur
744 2381 951 2463 praeceptum
983 2376 1146 2462 pedestre:

113 2492 390 2573 Macrocremni,
415 2491 445 2556 si
471 2492 586 2557 solutis
606 2492 713 2578 pratia
722 2491 820 2573 parci
829 2489 969 2572 facerent
978 2489 1146 2571 fortunam

114 2607 313 2673 adiiciuntur
334 2612 400 2672 tres
427 2625 560 2672 versus:

206 2759 278 2824 Hoc
301 2759 329 2824 si
352 2762 513 2844 praestare
535 2762 668 2842 possent
689 2757 837 2821 homines
861 2760 899 2821 ut
921 2775 982 2821 suo

206 2872 325 2939 vellent
347 2890 455 2937 carere
477 2872 541 2936 tuti
561 2871 694 2956 posthac
717 2872 880 2951 viverent3

204 2986 293 3052 haud
316 2987 492 3070 quisquam
516 2985 652 3050 insidias
675 2984 765 3050 nudo
786 2983 906 3049 faceret
928 2982 1062 3069 corpori.

163 3123 226 3202 Qui
260 3144 380 3210 noque·
401 3127 479 3190 sunt
512 3124 689 3208 invenusti,
719 3127 750 3189 et
780 3128 818 3189 ut
843 3127 951 3188 tamen
975 3123 1085 3207 aliqua
1108 3121 1150 3185 sit

115 3238 216 3304 huius
239 3239 391 3304 carminis
415 3239 496 3303 ratio
520 3242 551 3303 et
575 3237 756 3321 consilium,
780 3236 892 3302 abesse
915 3255 981 3301 non
1004 3238 1150 3320 possunt.

161 3350 226 3416 Res
260 3370 337 3435 ergo
373 3370 411 3417 eo
445 3350 528 3416 redit
563 3355 601 3416 ut
630 3350 797 3416 videamus
828 3350 885 3414 illa
911 3348 1096 3435 promythia
1118 3351 1150 3414 et

115 3466 294 3550 epimythia
336 3484 421 3550 quae
464 3465 533 3530 sola
566 3464 763 3549 Anthologia
797 3463 980 3530 Perrottina
1023 3466 1149 3528 servata

116 3584 196 3652 sunt
217 3578 342 3645 facilem
367 3577 485 3644 habere
510 3576 738 3643 defensionem.
