2676 4290
588 361 652 430 119

251 552 359 618 Moror
381 553 466 618 inter
489 573 570 637 aras
593 553 711 638 templa
733 552 892 638 perlustro
916 552 1032 637 omnia,

249 666 308 732 ubi
331 666 526 751 immolatur,
550 670 625 732 exta
646 670 817 752 praegusto
840 664 946 750 deum,

248 780 289 844 ln
312 781 414 866 capite
436 781 522 865 regis
546 780 650 864 sedeo,
673 799 748 846 oum
771 781 910 846 visumst
932 780 1020 865 mihi,
1085 857 1088 864 Ι

249 897 281 960 et
303 898 523 960 matronarum
546 897 634 959 casta
656 891 761 959 delibo
785 892 903 959 oscula

249 1005 374 1073 Laboro
395 1007 443 1072 nil
466 1010 563 1093 atque
585 1007 715 1093 optimis
736 1006 834 1074 rebus
855 1005 953 1072 fruor

161 1167 222 1236 Oui
246 1169 395 1236 formica:

205 1319 265 1386 Est
287 1319 446 1407 gloriosus
469 1339 547 1386 sane
570 1322 736 1388 convictus
759 1321 864 1405 deum,

205 1435 262 1501 sed
283 1435 332 1499 illi
355 1437 412 1519 qui
434 1436 598 1518 invitatur,
621 1455 686 1500 non
709 1436 766 1521 qui
787 1435 916 1501 invisus
939 1439 996 1501 est.

205 1549 289 1615 Aras
312 1548 512 1634 frequentas:
537 1566 654 1635 nempe
676 1549 824 1634 abigeus,
846 1568 921 1615 cum
944 1551 1045 1614 venis.

204 1663 309 1750 Reges
332 1681 561 1729 commemoras
585 1667 617 1729 st
640 1667 858 1729 matronarum
883 1663 1010 1746 oscula3
1034 1678 1037 1684 ·

205 1777 310 1863 Super
333 1778 428 1843 etiam
451 1778 560 1861 iactas,
582 1781 689 1862 tegere
713 1776 801 1862 quod
825 1775 919 1842 debet
939 1776 1051 1862 pudor.

205 1889 345 1957 Labores
367 1891 414 1955 nil
436 1890 584 1977 ideoque,
606 1910 680 1956 cum
704 1910 786 1977 opus
808 1896 864 1975 est
886 1891 934 1955 nil
955 1890 1062 1957 habes.

160 2053 232 2120 Hoc
263 2053 375 2119 ordine
406 2073 521 2120 versus
554 2055 684 2119 13-18
714 2055 823 2140 posuit
852 2054 1061 2141 Bongersius,
1085 2056 1143 2142 qui

116 2173 190 2235 aute
209 2188 283 2235 eum
299 2168 420 2234 turbati
431 2168 626 2255 legebantur.
646 2167 709 2234 Sed
720 2170 958 2256 transponendo
969 2176 1036 2235 non
1047 2174 1142 2256 aptus

116 2283 287 2371 praebetur
309 2302 425 2350 sensus
448 2284 557 2349 versui

205 2464 303 2531 super
326 2447 421 2511 etiam
445 2448 555 2531 iactas,
578 2450 685 2532 tegere
710 2446 797 2533 quod
820 2446 914 2513 debet
936 2447 1051 2532 pudor.

159 2595 267 2663 Versu
299 2598 386 2681 enim
415 2595 514 2682 Repea
543 2632 588 2645 -
618 2596 723 2662 osculo
751 2597 885 2663 formica
907 2599 1078 2684 respondet
1101 2599 1141 2665 ad

114 2728 246 2776 muscae
266 2710 387 2776 dietum
408 2712 438 2794 (7
453 2713 501 2797 sq)
512 2712 548 2777 tn
559 2711 660 2793 capite
671 2749 713 2758 —
726 2711 838 2798 osculo,
851 2732 949 2779 versu
961 2713 1085 2779 acuas
1097 2752 1139 2762 -

113 2822 208 2891 habea
229 2824 345 2892 refellit
366 2844 496 2892 versum
521 2827 541 2891 9
563 2825 667 2911 laboro
688 2862 732 2875 -
754 2826 866 2910 fruor3
887 2827 1045 2894 excidisse
1064 2846 1138 2914 ergo

115 2943 191 3006 ante
212 2959 259 3005 vs.
285 2940 304 3005 9
327 2958 457 3006 versum
479 2940 574 3006 eredo
597 2940 638 3005 ad
662 2959 759 3025 quem
780 2942 951 3026 respiceret
972 2943 1060 3008 istud

204 3123 302 3190 super
325 3105 420 3171 etism
441 3105 540 3170 iactas
562 3108 670 3190 tegere
693 3103 780 3190 quod
802 3104 895 3172 debet
915 3106 1030 3192 pudor.

157 3251 253 3320 Liber
275 3253 315 3338 V,
338 3256 369 3338 2,
392 3255 531 3319 10-13.

203 3403 300 3469 Nunc
323 3405 424 3470 conde
445 3404 567 3471 ferrum
592 3409 623 3470 et
644 3406 788 3491 linguam
811 3409 931 3492 pariter
953 3405 1087 3491 futilem,

203 3523 240 3583 ut
263 3519 367 3601 possis
390 3518 471 3584 alios
493 3519 678 3604 ignorantes
701 3518 817 3586 fallere.

203 3611 273 3716 Ego
297 3633 354 3716 qui
378 3651 450 3696 sum
473 3636 636 3717 expertus,
659 3635 788 3717 quantis
810 3632 915 3718 fugias
938 3633 1072 3719 viribus,

83 3741 85 3746 ’
205 3747 280 3827 scio,
304 3765 401 3829 quam
424 3747 535 3814 virtuti
557 3765 622 3811 non
648 3747 690 3812 sit
712 3746 906 3812 credendum
930 3751 1013 3813 tuae.
