2676 4290
650 310 693 374 18

155 495 230 561 dere
259 496 377 578 videor,
407 514 471 579 quo
503 496 641 579 quisque
671 496 712 560 sit
742 499 835 580 polita
857 495 1031 579 scriptorve
1053 496 1177 560 minore

154 612 251 692 atque
279 607 427 672 inferiore
456 609 595 692 ingenio,
626 626 663 673 eo
693 607 820 672 facilius
843 626 913 672 esse
935 609 1051 692 ipsum,
1073 608 1107 671 id
1129 612 1178 673 θεῖ

153 740 220 785 non
242 740 337 786 casus
359 723 429 787 eius
451 723 600 806 vitaeque
623 721 861 786 vicissitudines
885 720 941 786 sed
965 721 1072 785 studia
1092 723 1178 805 cogi-

153 836 355 918 tationesque
385 836 521 900 novisse.
552 834 599 899 Ut
628 853 694 899 rem
725 833 872 917 exemplo
898 833 1072 898 illustrem:
1096 834 1178 896 nihil

154 952 203 1013 θεῖ
222 947 384 1012 difficilius
404 968 500 1032 quam
523 948 667 1013 Platonis
690 946 890 1031 philosophia
911 946 997 1011 unde
1019 951 1094 1010 nata
1113 966 1179 1030 qua

153 1063 277 1126 ratione
299 1062 433 1126 creverit
455 1061 495 1125 ad
518 1078 743 1144 summamque
761 1060 940 1143 pervenerit
952 1061 1180 1143 praestantiam

154 1177 303 1257 statuere,
325 1178 357 1239 et
378 1175 480 1258 inepti
502 1174 581 1238 mihi
603 1173 755 1239 videntur
777 1175 838 1237 viri
861 1173 946 1238 docti
969 1173 1178 1258 quideprae·

153 1287 237 1351 claro
258 1287 446 1372 philosopho
468 1288 514 1351 ita
532 1285 673 1352 scribant
691 1291 728 1350 ut
748 1285 787 1351 de
807 1285 915 1370 aliquo
927 1291 1054 1350 nostrae
1065 1288 1178 1350 aetatis

152 1399 205 1483 agi
239 1399 368 1465 homine
401 1404 503 1484 putes,
537 1400 594 1484 qui
627 1403 799 1483 postquam
828 1400 931 1482 prima
960 1398 1179 1482 philosophiae

153 1512 309 1576 elementa
341 1510 403 1592 snb
437 1513 567 1596 plagoso
596 1511 705 1595 aliquo
737 1508 858 1574 Orbilio
889 1511 1068 1575 secundum
1091 1511 1178 1596 leges

154 1623 309 1707 quasdam
339 1623 379 1688 de
406 1625 610 1688 institutione
638 1622 770 1708 publica
799 1643 818 1686 a
840 1623 951 1707 pusilli
974 1625 1074 1686 animi
1096 1624 1177 1688 viris

152 1739 330 1819 utcumque
362 1735 515 1801 conflatas
550 1736 705 1819 didicerit,
738 1735 853 1800 deinde
887 1737 983 1800 certis
1017 1755 1177 1800 annorum

151 1848 331 1913 intervallis
354 1849 393 1914 de
415 1849 581 1914 nonnullis
605 1848 856 1935 quaestionibus
878 1849 920 1913 ad
942 1868 1023 1932 quas
1044 1869 1177 1934 respon-

153 1962 228 2028 dere
262 1981 337 2027 cum
371 1963 472 2028 multo
508 1962 624 2028 sudore
658 1962 843 2044 insueverit,
878 1963 919 2027 sit
952 1964 1179 2046 interrogatus,

151 2079 310 2159 postremo
340 2078 505 2158 tamquam
530 2074 669 2160 perlecta
689 2077 756 2140 iam
777 2075 904 2158 sapiens
928 2093 947 2139 e
969 2074 1077 2140 schola
1099 2095 1176 2140 oum

151 2186 247 2252 laude
270 2189 477 2272 praemioque
500 2187 661 2253 dimissus.
691 2186 755 2253 Sed
776 2186 1024 2272 Xenophontem
1047 2190 1177 2271 penitus

151 2301 282 2365 novisse
303 2320 369 2365 non
392 2304 440 2367 est
461 2320 514 2367 res
535 2302 644 2385 magni
665 2299 792 2366 laboris.
814 2299 918 2365 Paulo
941 2301 1028 2364 enim
1047 2320 1177 2364 accura-

152 2414 219 2480 tius
242 2415 312 2512 eius
336 2415 454 2499 scripta
474 2413 712 2502 perlegentibus
731 2434 809 2480 mox
828 2418 957 2500 apparet
975 2435 1093 2499 paucas
1106 2433 1177 2480 esse

154 2531 367 2615 quaestiones,
395 2530 435 2595 de
462 2528 581 2615 quibus
602 2531 658 2597 ille
682 2551 791 2599 secum
814 2535 856 2599 sit
879 2533 1068 2613 meditatum
1093 2551 1177 2616 quae

153 2644 192 2710 ad
223 2663 277 2708 eas
307 2663 461 2729 responsa
489 2645 585 2710 unice
606 2663 683 2710 vera
704 2664 775 2711 esse
798 2646 860 2712 sibi
880 2646 1082 2729 persuaserit,
1105 2646 1177 2728 qui·

151 2755 281 2841 busque
308 2758 365 2822 illa
394 2759 592 2844 argumentis
622 2756 790 2824 defendere
812 2759 897 2823 vitae
920 2777 996 2823 eum
1019 2777 1098 2824 usus
1121 2757 1177 2822 do-

152 2873 263 2955 cuerit,
296 2890 339 2937 ex
369 2864 475 2956 ipsius
509 2871 617 2938 verbis
647 2873 756 2956 quivis
786 2873 943 2938 sermonis
976 2870 1087 2936 Graeci
1109 2890 1176 2935 non

152 2987 286 3072 ignarus
309 2989 448 3052 statuere
468 2990 581 3070 potest
604 2985 726 3052 Eadem
747 2991 779 3051 et
800 2986 938 3052 Phaedri
956 3005 1008 3052 res
1020 2990 1084 3052 est:
1097 2986 1176 3069 quid

152 3098 223 3183 sibi,
254 3118 356 3183 quum
385 3097 510 3163 fabulas
532 3097 672 3164 scribere
697 3099 859 3183 inciperet,
880 3099 1088 3183 proposuerit,
1112 3119 1177 3182 qua

151 3213 274 3277 ratione
303 3211 475 3277 consilium
498 3231 596 3279 suum
617 3213 843 3295 immutaverit,
861 3212 941 3296 quid
964 3212 1004 3276 de
1027 3232 1086 3278 sua
1108 3216 1176 3276 arte

153 3327 276 3410 etipse
299 3330 427 3392 censeat
449 3330 481 3391 et
502 3325 582 3392 alios
605 3327 718 3410 cupiat⁴
731 3344 870 3409 censere,
892 3330 959 3391 tam
981 3331 1088 3411 ape1te
1106 3344 1177 3410 pro-

151 3436 261 3503 fitetur
282 3443 319 3504 ut
341 3439 453 3504 nullus
475 3441 574 3506 variis
594 3439 634 3505 de
651 3440 722 3505 eius
739 3439 855 3505 studiis
873 3439 1074 3523 relinquatur
1084 3439 1175 3503 locus

153 3552 328 3616 sententiis.

145 3694 148 3712 ·
197 3664 312 3751 Pqetuc
340 3685 415 3753 ergo
438 3666 576 3734 Phaedri
598 3668 700 3733 vitam
721 3667 792 3752 ipso
817 3666 898 3733 duee
921 3665 1059 3731 scribere
1082 3684 1175 3730 cona·
