2676 4290
660 371 701 434 37

165 562 203 624 et
242 559 282 624 de
314 558 406 624 leone
435 563 599 645 regnante)
632 559 815 624 fabularum
848 558 1062 643 Aesopiarum
1096 561 1190 638 sunt;

164 672 242 738 illas
263 677 370 738 autem
392 675 552 739 interiisse
574 692 640 738 non
664 678 713 739 est
735 673 822 758 quod
844 673 985 758 graviter
1007 671 1190 751 doleamus;

166 787 297 871 egregie
326 788 411 852 enim
434 788 516 853 iilud
539 788 693 852 damnum
717 788 810 852 novis
832 786 1052 871 compensavit
1073 782 1191 848 fabulis

164 898 333 966 Lucienus
362 900 488 986 Miller,
518 902 582 967 duo
605 900 782 986 fragmenta
805 900 1029 984 allegoriarum
1053 901 1130 964 sunt
1152 898 1192 963 de

165 1015 292 1099 origine
308 1017 453 1099 turpium
472 1013 652 1080 libidinum.
670 1013 748 1079 Post
766 1012 944 1098 fragmenta
955 1012 1072 1098 legitur
1082 1009 1191 1076 fabula

165 1127 274 1212 (xm)
312 1129 351 1194 de
386 1130 490 1213 capris
524 1127 678 1209 barbatis3
714 1127 803 1191 illam
838 1128 959 1211 excipit
991 1125 1191 1210 ineptissima

164 1242 307 1306 narratio
328 1240 551 1323 gubernatoris
575 1245 718 1306 vectores
741 1240 859 1325 optime
882 1240 1051 1324 monentis,
1071 1258 1135 1324 qua
1156 1257 1191 1304 se

164 1355 349 1422 fabularum
370 1356 510 1422 indolem
533 1357 665 1421 minime
687 1355 889 1440 perspexisse
909 1355 1012 1439 magis
1023 1355 1191 1438 perspicue

165 1492 266 1558 quam
299 1491 438 1557 usquam
473 1470 549 1536 alibi
582 1469 741 1556 significat
777 1471 920 1554 scriptor.
951 1467 1075 1533 Fabula
1104 1465 1191 1532 XIX

163 1585 303 1670 (Canum
333 1587 431 1671 legati
460 1585 502 1650 ad
528 1584 649 1667 Iovem)
673 1584 754 1648 nihil
777 1602 923 1669 unquam
947 1584 1098 1668 spurcius
1120 1584 1190 1648 ine-

162 1701 320 1787 ptiusque
353 1699 509 1784 scriptum
543 1702 599 1763 est.
629 1696 722 1763 Hono
750 1700 933 1782 sequuntur
957 1696 1040 1760 duae
1061 1693 1189 1760 fabulae

163 1814 244 1878 satis
278 1811 381 1878 bonae
415 1812 466 1895 (de
495 1812 626 1876 homine
657 1814 836 1896 serpentem
858 1808 1003 1891 fovente;
1028 1809 1068 1873 de
1091 1807 1189 1893 vulpe

163 1930 200 1993 et
233 1926 396 2008 dracone);
434 1926 582 2010 deinceps
617 1924 722 1990 denuo
759 1943 851 1990 suam
886 1942 1016 1988 causam
1047 1922 1189 1988 defendit

162 2041 301 2126 scriptor
328 2040 374 2105 ita
396 2044 434 2105 ut
455 2041 578 2104 invitus
602 2038 740 2103 declaret
762 2056 797 2103 se
819 2039 968 2123 quamvis
992 2038 1044 2102 sui
1067 2038 1110 2102 sit
1132 2037 1188 2102 ad·

127 2240 131 2249 ,
160 2155 296 2220 mirator
328 2157 436 2218 tamen
471 2171 505 2218 se
539 2155 646 2238 ipsum
680 2150 779 2237 prebe
811 2152 949 2217 novisse.
984 2149 1069 2228 Quid
1100 2152 1186 2217 enim

159 2269 283 2333 rectius
312 2268 495 2352 iustiusque
527 2286 624 2350 quam
656 2266 739 2330 illud
768 2265 925 2330 iudicium
956 2265 1043 2350 quod
1073 2283 1115 2330 ne
1145 2265 1186 2331 de

159 2400 199 2448 se
220 2380 301 2447 ierat
327 2379 427 2463 „livor
448 2377 564 2444 malus'
587 2383 653 2443 tam
676 2381 804 2443 veretur
826 2382 920 2462 poeto

296 2542 460 2628 Quidquid
482 2539 609 2627 putabit
632 2559 701 2606 esse
724 2540 858 2625 dignum
883 2542 1036 2606 memoria

233 2732 239 2741 ,
295 2657 415 2741 Aesopi
438 2655 538 2721 dicet:
561 2656 590 2720 si
612 2654 691 2739 quid
713 2654 822 2720 minus
844 2655 986 2719 arriserit

294 2790 313 2835 6
334 2788 387 2835 66
410 2769 580 2835 contendet
601 2767 714 2834 fictum
738 2769 852 2853 quovis
874 2769 985 2853 pretio.

157 2944 312 3030 Sequitur
356 2943 573 3028 „anecdoton”
608 2944 648 3009 de
672 2943 861 3026 ·Simonide;
897 2943 981 3009 illud
1015 2945 1183 3030 excipiunt

154 3057 286 3124 fabulae
315 3059 355 3125 de
380 3063 489 3124 monte
511 3059 709 3144 parturiente
733 3062 765 3123 et
786 3058 827 3123 de
848 3057 982 3123 formica
1004 3063 1036 3123 et
1058 3077 1181 3125 musca.

156 3172 319 3238 Ultimum
341 3191 468 3238 carmen
480 3191 602 3237 novum
615 3171 654 3236 de
667 3170 830 3236 Simonide
843 3172 985 3236 continet
995 3171 1180 3237 anecdotor.

156 3284 326 3351 Clauditur
347 3286 430 3352 liber
451 3285 648 3351 dedicatione
662 3283 685 3366 ¹)
708 3284 749 3348 ad
772 3283 1018 3370 Particulonem,
1038 3303 1121 3370 quae
1139 3303 1182 3351 ex

154 3401 338 3484 arrogantia
360 3403 393 3464 et
414 3397 489 3464 ficta
511 3397 706 3463 verecundia
728 3397 832 3462 mixto
854 3401 912 3462 est.

153 3567 301 3583 ἢ

189 3672 218 3740 1)
243 3672 322 3725 Recte
345 3673 426 3734 illam,
451 3687 518 3740 quae
538 3677 615 3726 66166
636 3677 694 3741 pest
718 3673 748 3741 V,
764 3671 781 3724 5
797 3646 937 3739 legebatur,
955 3671 984 3724 in
1000 3685 1076 3725 suam
1092 3672 1179 3726 sedem

151 3764 284 3818 revocavit
299 3763 438 3817 Broteriua
