2676 4290
640 326 682 390 86

191 512 311 598 Inquit,
345 512 406 576 hoa
441 515 498 596 est,
520 509 613 577 Dixit
635 511 786 596 Aesopus.
810 511 944 577 Nesaias
967 512 1124 598 alioquin
1148 532 1187 579 ex

149 629 388 692 constructione
418 631 492 691 uter
523 626 583 690 hoe
607 626 733 711 dixerit,
757 627 906 711 Aesopus
928 647 970 692 an
994 627 1188 694 Petulana'’

192 741 233 805 ad
255 740 316 825 ΠΙ,
341 741 392 824 12,
416 742 446 804 2.

279 907 320 971 In
345 907 537 991 sterquilino
560 906 667 991 gallus
689 904 886 991 gallinaceus

282 1021 360 1085 dum
385 1022 512 1104 quaerit
535 1040 639 1085 eseam
664 1021 868 1104 margaritam
892 1021 1047 1105 repperit.

281 1134 372 1199 Iaces
394 1134 538 1219 indigne,
562 1138 682 1218 quanta
703 1153 763 1216 rea,
786 1135 902 1219 inquit,
925 1134 1015 1198 loco!

194 1294 303 1380 „Lara
326 1297 403 1361 haee
426 1301 458 1362 et
480 1297 601 1361 hiantia
625 1298 673 1362 sia
696 1302 867 1362 connecte:

282 1461 360 1525 dum
383 1461 649 1546 quaeritarem,
672 1462 877 1546 margaritam
901 1466 939 1526 ut
961 1464 1117 1548 repperit,

279 1576 365 1639 iaces
389 1575 523 1659 indigno
546 1574 626 1640 eta.”

192 1738 233 1803 ad
254 1736 315 1822 m,
340 1738 392 1822 13,
416 1738 434 1800 1
456 1682 503 1822 aq.

282 1901 370 1987 Apes
392 1902 426 1964 in
450 1901 513 1966 alta
535 1901 676 1966 fecerant
700 1919 822 1985 quercu
844 1900 952 1966 favos:

279 2017 339 2081 hos
360 2016 428 2081 fuci
450 2017 569 2080 inertes
594 2033 664 2080 esse
687 2014 941 2080 dicebantsuos.

195 2179 354 2265 „Codicea
378 2179 442 2245 fide
466 2178 572 2263 Gudii,
595 2177 759 2243 Fecerant.
782 2177 922 2262 Rapone,

282 2374 358 2439 apes
381 2357 416 2419 in
440 2356 504 2420 alta
528 2374 650 2438 quercu
673 2358 711 2419 at
732 2354 878 2419 fecerunt
898 2352 1020 2419 favos.'’

192 2470 491 2611 mmma'

279 2679 433 2764 Rogatast
456 2685 493 2746 ut
516 2684 643 2745 taceret.
667 2679 769 2745 Multo
793 2679 931 2746 validius

281 2795 419 2859 clamare
441 2797 554 2880 eoepit

197 2956 356 3042 „Repona
381 2958 468 3042 quod
492 2957 600 3022 hiulca
621 2958 683 3021 ista
707 2960 877 3021 connectat

279 3133 403 3218 Rogata
424 3135 473 3197 att
495 3137 622 3218 taceret,
646 3134 748 3198 multo
770 3134 909 3198 validius

281 3248 418 3312 clamare
442 3246 575 3331 eoepit.''

192 3410 233 3474 ad
254 3409 312 3493 IV,
337 3409 366 3493 1,
389 3410 409 3472 6
433 3429 480 3494 sq.

280 3572 314 3637 Is
338 3593 412 3636 aum
435 3571 543 3637 labore
566 3576 599 3638 et
620 3573 723 3657 plagis
747 3577 832 3637 esset
855 3577 1012 3657 mortuae,

282 3688 422 3752 detracta
443 3686 528 3772 pelle
551 3686 614 3751 sibi
635 3686 780 3752 fecerunt
803 3692 962 3771 tympana
