2676 4290
628 328 646 389 7

118 516 190 580 lum
213 516 380 598 antiquam
404 514 546 598 aliquam
570 512 712 578 fabulam
732 511 885 578 Graecam
898 510 991 577 nobis
1003 530 1147 578 servasse

118 648 177 714 pro
211 632 296 694 certo
326 627 405 692 mihi
435 631 561 692 constat
597 663 639 673 -
670 627 812 710 corrupit
842 630 874 691 et
903 625 1146 710 pessumdedit?

120 740 227 818 Quare
248 741 339 806 triste
360 739 442 804 illud
464 738 537 804 falsi
560 741 651 805 testis
674 738 786 822 fatum,
806 743 995 824 exoptatum
1015 738 1146 823 quidem

118 855 176 920 sed
209 855 341 918 minime
371 857 603 937 exspectatum,
635 853 787 937 quodque
809 852 901 918 nulla
923 854 1048 918 ratione
1071 872 1147 917 oum

116 969 212 1034 istius
246 968 407 1051 impietate
440 966 614 1050 cohaereat,
647 966 794 1031 addidit?
818 966 980 1050 Anquod
1006 967 1146 1032 sicoris

117 1101 212 1147 casus
242 1100 302 1146 suo
335 1079 425 1146 fieret
457 1080 601 1162 similior,
625 1080 777 1165 quodque
799 1081 844 1144 ita
868 1081 1066 1146 occasionem
1091 1081 1145 1146 ha·

116 1195 205 1262 beret
222 1196 444 1260 imminentem
464 1195 639 1260 adversarii
657 1196 832 1279 perniciem
844 1195 1048 1279 augurandi?
1065 1193 1146 1272 Quis

116 1311 178 1375 hoc
200 1307 376 1394 praefracte
398 1327 516 1393 negare
539 1309 678 1374 audeat?

162 1422 225 1488 Sed
258 1423 336 1487 haee
367 1423 568 1488 omittamus:
601 1423 658 1506 qui
681 1423 765 1487 enim
792 1441 889 1506 quam
910 1421 1057 1487 infirmae
1081 1423 1147 1487 sint

115 1538 252 1603 aliorum
288 1539 486 1623 suspiciones
517 1539 735 1604 demonstrare
768 1537 914 1603 studeam
945 1538 1021 1602 nolo
1044 1556 1145 1604 novas

117 1653 317 1737 suspiciones
352 1656 518 1736 tamquam
546 1651 726 1737 probabiles
756 1652 791 1715 in
821 1651 964 1716 medium
985 1650 1143 1736 proferre:

116 1767 194 1832 satis
224 1767 304 1830 mihi
339 1767 398 1831 orit
433 1769 462 1832 si
493 1767 606 1832 lectori
637 1783 826 1851 persuasero
861 1784 915 1830 eas
944 1767 1144 1832 coniecturas

117 1899 198 1965 quas
233 1880 273 1944 de
307 1879 445 1945 Phaedri
479 1880 572 1944 malis
602 1879 678 1944 olim
708 1883 945 1963 proposuerunt
975 1880 1037 1943 viri
1059 1880 1145 1944 docti

115 1995 216 2058 nihilo
252 1995 403 2059 certiores
438 2012 508 2060 esse
544 2013 641 2079 quam
673 1993 751 2058 alias
781 2013 893 2060 omnes
925 2014 1006 2079 quas
1035 1995 1143 2079 quiris

116 2109 233 2193 quovis
255 2111 397 2192 tempore
420 2126 479 2192 pro
502 2106 633 2172 arbitrio
657 2108 839 2192 excogitare
862 2108 970 2192 possit.

159 2220 308 2287 Ridicula
341 2239 418 2286 vero
449 2220 504 2285 illa
535 2224 584 2286 est
607 2220 754 2303 necdum,
777 2225 815 2285 ut
837 2221 960 2306 opinor,
985 2221 1062 2286 satis
1087 2239 1142 2286 ex·

114 2335 214 2419 piosa,
249 2354 347 2419 quam
380 2351 398 2398 e
432 2332 518 2399 Suet
551 2332 617 2398 Gal.
651 2333 690 2396 ll
723 2335 840 2399 sumsit
871 2332 1068 2399 Schwabius.
1090 2333 1141 2398 Ibi

82 2433 202 2514 'enim
223 2449 284 2513 hoc
305 2449 438 2534 legitur:

248 2610 343 2689 Quod
373 2612 600 2698 sagacissimus
631 2629 731 2676 senex
753 2609 920 2693 (liberius)
941 2611 986 2675 ita
1009 2629 1142 2695 prorsus

201 2729 416 2811 perspexerat,
451 2729 489 2790 ut
518 2725 688 2809 aliquoties
717 2724 922 2809 praedicaret,
954 2725 1053 2790 exitio
1082 2744 1142 2790 suo

203 2841 413 2923 omniumque
436 2837 554 2903 Gaium
576 2841 686 2903 vivere
705 2842 736 2904 et
756 2857 791 2904 se
810 2839 973 2922 natricem,
985 2841 1141 2924 serpentis

202 2955 236 3019 id
246 2973 359 3039 genus,
377 2953 414 3020 P.
434 2951 472 3017 R.
492 2953 725 3018 Phaethontem
744 2951 813 3017 orbi
824 2956 982 3018 terrarum
996 2953 1140 3018 educare.

157 3127 254 3193 Putat
273 3132 380 3193 autem
401 3125 588 3193 Schwabius
600 3125 783 3191 Phaedrum
796 3126 878 3191 illud
888 3125 1005 3191 Tiberii
1017 3126 1140 3190 dictum

113 3261 215 3326 quum
233 3242 403 3326 respiceret
422 3239 564 3306 fabulam
585 3259 732 3305 narrasse
749 3241 788 3305 de
799 3238 899 3305 Ranis
910 3258 1018 3325 regem
1029 3244 1139 3325 peten-

111 3354 209 3439 tibus,
239 3356 274 3419 in
299 3375 362 3439 qua
384 3355 473 3440 ligno
495 3353 641 3419 Tiberius
666 3353 909 3439 significaretur,
931 3353 1034 3436 hydra
1057 3352 1139 3418 (lali-

109 3470 205 3556 gula;
239 3472 351 3555 poetae
382 3473 489 3534 autem
521 3468 698 3554 petulantia
728 3468 767 3533 ad
792 3466 971 3553 Caligulam
993 3468 1046 3533 vel
1068 3470 1139 3535 eius

112 3588 325 3651 assentatores
354 3584 448 3649 allata
471 3583 564 3649 illum
587 3585 622 3648 in
644 3583 799 3649 iudicium
824 3583 997 3648 maiestatis
1020 3584 1138 3649 adduc

108 3703 179 3764 tum
200 3702 232 3764 et
255 3699 312 3763 vix
335 3698 519 3764 absolutum
539 3717 616 3764 esse.
638 3698 699 3765 Oui
718 3699 929 3784 coniecturas,
943 3718 1136 3784 quaequam
