2676 4290
546 1012 761 1092 CAPUT
809 1015 879 1091 ΠΙ.

421 1556 467 1608 Nil
481 1560 531 1608 tan
547 1557 654 1609 losum
670 1558 728 1624 quin
746 1561 809 1610 male
824 1560 951 1612 narrasrdo
963 1560 1044 1627 poerit
1061 1560 1237 1627 dopraoariar.

251 1749 407 1816 Enarrata
443 1770 519 1837 ergo
551 1749 689 1816 Phaedri
727 1749 892 1836 „generis”
926 1751 1060 1817 historia
1091 1752 1156 1817 iam
1191 1753 1235 1819 de

207 1865 287 1951 ipsis
305 1863 423 1930 fabulis
442 1868 491 1930 est
509 1863 689 1929 dicendum.
709 1863 830 1930 Earum
850 1868 958 1930 autem
970 1866 1092 1951 aliquot
1102 1869 1236 1951 propter

208 1979 365 2044 sermonis
386 1981 588 2043 venustatem
610 1980 782 2063 aptamque
801 1982 832 2043 et
851 1977 1027 2064 elegantem
1043 1977 1235 2046 brevitatem

207 2090 304 2158 laude
326 2090 443 2176 dignae
464 2093 558 2172 sunt;
583 2108 689 2176 neque
710 2090 817 2157 solum
839 2091 879 2159 de
900 2089 1018 2158 fabulis
1040 2094 1111 2159 eius
1130 2092 1237 2159 Aeso·

208 2206 271 2292 piis
301 2205 364 2270 dioi
393 2205 427 2271 id
454 2208 557 2291 potest
579 2205 636 2271 sed
659 2206 755 2271 etiam
779 2204 819 2271 de
840 2224 907 2271 uno
930 2205 1094 2293 alteroque
1119 2226 1236 2290 „aneo-

209 2316 314 2383 doto.’'
339 2317 516 2383 Paululum
538 2319 624 2383 enim
648 2316 880 2383 deuehendum
903 2322 951 2384 est
974 2317 1014 2385 de
1035 2319 1090 2384 illo
1111 2319 1236 2387 iudicio

211 2431 298 2517 quod
333 2431 373 2497 de
407 2450 442 2498 se
472 2431 575 2498 latum
605 2432 648 2496 iri
680 2433 750 2516 ipse
783 2431 950 2499 Phaedrus
979 2438 1157 2519 auguratus
1184 2440 1238 2502 est
1291 2504 1295 2513 ,

210 2545 278 2631 (nv,
301 2547 353 2631 22,
377 2546 492 2626 1-5tz

346 2708 432 2787 Quid
453 2708 597 2774 iudicare
619 2709 737 2793 cogitet
758 2707 842 2773 livor
864 2706 978 2792 malus,

345 2823 434 2889 Licet
456 2822 645 2906 dissimulet,
666 2821 800 2906 pulchre
822 2825 930 2887 tamen
953 2821 1105 2908 intelligo.

346 2936 512 3023 Quidquid
533 2935 659 3022 putabit
677 2954 747 3002 esse
770 2935 905 3021 dignum
926 2938 1090 3022 memoria,

344 3053 465 3138 Aesopi
488 3051 587 3132 dioet3
613 3049 720 3136 siquid
743 3051 853 3115 minus
876 3050 1018 3116 arriserit

346 3168 379 3233 A
400 3185 452 3233 me
475 3165 645 3232 contendet
666 3164 777 3230 fiotum
802 3165 918 3249 quovis
939 3166 1080 3251 pignore.

215 3343 363 3431 quamvis
391 3343 427 3407 in
457 3341 647 3407 universum
677 3358 792 3405 verum
812 3338 847 3404 id
869 3357 939 3405 esse
960 3339 1148 3423 iustumque
1169 3339 1239 3424 plo·

215 3458 310 3544 rique
331 3457 467 3523 lectores
488 3455 642 3537 sentiant3
668 3454 742 3540 quis
766 3455 861 3538 enim,
883 3457 921 3519 ut
941 3453 1003 3518 hoc
1013 3457 1097 3537 utar,
1107 3451 1241 3539 negabit

216 3572 294 3639 satis
319 3590 390 3638 esse
419 3572 559 3637 iocosam
584 3569 798 3634 narrationem
821 3568 861 3633 de
885 3565 1001 3634 Scurra
1023 3572 1056 3633 et
1078 3565 1239 3634 Rustico?
