2676 4290
646 325 689 387 39

154 511 283 576 veritati
307 513 533 577 convenienter
553 509 686 595 faoere’',
709 511 785 576 licet
807 510 870 576 sibi
892 512 956 577 iam
978 513 1181 597 proposuerit

154 645 327 710 nunquam
359 625 492 710 posthae
525 625 691 711 Aesopum
726 626 901 709 nominem,
936 625 992 692 sed
1026 628 1092 690 tota
1125 625 1181 690 illa

156 736 353 823 praefatione
382 738 455 803 ideo
484 742 610 802 tantum
644 743 754 804 utatm
783 743 820 804 ut
846 739 1045 804 occasionem
1067 737 1181 804 hebeat

157 850 341 916 ostentandi
362 851 640 936 proloquendique
662 831 783 936 quauto
804 853 869 918 iam
887 853 1022 937 pristino
1035 870 1094 918 suo
1105 870 1181 918 aue·

155 965 222 1028 tori
240 968 387 1049 praestet.

204 1076 406 1163 Quamquam
438 1081 546 1143 autem
579 1077 696 1143 multas
735 1078 868 1163 periisse
900 1076 1026 1144 fabulas
1057 1082 1182 1144 constat

156 1197 266 1258 tamen
299 1194 397 1257 totius
432 1191 572 1276 sylloges
607 1191 753 1276 epilogus
774 1192 916 1259 intactus
940 1194 1066 1258 mansit,
1088 1191 1181 1258 Nun-

157 1326 257 1391 quam
279 1307 366 1371 enim
388 1305 497 1390 plures
520 1323 618 1390 quam
638 1305 782 1390 quinque
800 1303 898 1371 libros
909 1305 1010 1372 fuisse
1022 1307 1181 1391 novimuS,

157 1439 298 1505 quorum
316 1420 453 1485 ultimus
475 1419 529 1484 hio
551 1420 677 1504 egregie
699 1423 731 1485 et
753 1423 820 1485 tota
842 1417 952 1485 fabula
970 1420 1108 1506 decane,
1121 1439 1180 1487 sue

155 1539 189 1600 et
211 1536 362 1599 venatore
384 1533 510 1599 eteius
533 1533 708 1618 epimythio

288 1695 360 1762 Hoo
381 1715 448 1781 eur,
471 1696 603 1780 Phileto,
627 1697 810 1782 scripserim
829 1695 963 1782 pulchre
985 1696 1076 1763 vides

155 1874 326 1941 ohudim.
348 1872 432 1939 Nam
456 1874 513 1958 qui
534 1874 570 1937 in
593 1870 781 1958 Appendioe
801 1872 956 1957 leguntur
977 1890 1092 1938 versus

287 2034 359 2101 Hoo
382 2034 644 2121 qualecunquest‚
666 2032 762 2099 Musa
785 2032 873 2118 quod
895 2033 979 2098 ludit
997 2050 1069 2099 mea

286 2147 438 2235 Nequitia
461 2150 580 2235 pariter
601 2147 711 2213 laudat
734 2151 765 2213 et
787 2147 965 2233 frugalitas,

289 2261 351 2328 Sed
373 2263 452 2328 heeo
474 2261 678 2347 simplicium
701 2261 757 2326 illa
778 2263 874 2327 taeito
896 2261 1046 2327 irascitur

152 2425 330 2493 rectissime
370 2425 443 2491 illos
477 2425 621 2510 accipere
654 2424 782 2490 videtur
815 2422 974 2489 Miillerus
1008 2425 1066 2508 qui
1100 2423 1178 2490 haee

153 2544 301 2605 annotat:
328 2538 418 2623 „Hoc
441 2556 569 2604 ammon
590 2539 626 2603 in
649 2538 722 2603 odd.
745 2538 888 2623 positum
910 2541 959 2602 est
977 2542 1051 2623 post
1068 2536 1177 2621 fab.I;

152 2653 314 2740 epilogum
348 2653 424 2720 fecit
453 2654 553 2719 totius
584 2652 725 2738 sylloges
747 2651 848 2736 laum,
871 2653 1041 2736 prologum
1064 2651 1176 2732 Both.;

152 2768 301 2853 equidem
326 2767 490 2854 epilogum
511 2766 638 2834 fabulae
662 2766 843 2852 deperditae
860 2766 937 2831 iibri
957 2767 1063 2851 quinti
1073 2765 1176 2832 fuisse

153 2879 333 2948 existimo.'’
