2676 4290
705 312 748 376 46

217 500 285 564 rim
317 503 384 564 tam
416 497 498 563 bene
528 498 799 582 interpretaretur.
832 499 992 585 Equidem
1025 504 1111 568 certe
1140 501 1249 568 fateor

218 613 298 677 mihi
320 611 458 678 Phaedri
479 609 622 676 fabulam
641 631 768 697 semper
790 631 888 696 sensu
912 633 1035 680 cassam
1055 616 1159 680 risam
1175 634 1251 682 esse

221 724 322 790 donec
343 726 379 789 in
401 723 532 790 Romuli
552 724 727 790 inciderem
750 726 973 791 narrationem.

263 837 478 923 Inspiciamus
489 828 578 903 nunc
589 838 686 903 aliam
697 838 835 904 Phaedri
845 838 1003 923 fabulam
1016 840 1173 927 legiturI,
1186 842 1249 907 23:

352 1003 530 1066 nocturnus
554 1020 629 1065 cum
654 999 707 1065 fur
729 1019 845 1086 panem
862 981 1003 1071 ⁴misissit
1025 1003 1106 1087 cani,

353 1112 476 1178 obiecto
499 1116 659 1197 temptans
681 1132 722 1177 an
746 1112 817 1178 cibo
838 1118 947 1199 posset
969 1116 1056 1199 capi:

351 1225 453 1310 Heus,
475 1227 592 1312 inquit,
613 1227 758 1312 linguam
781 1229 832 1293 ris
854 1247 960 1293 meam
982 1229 1191 1314 praecludere

350 1359 392 1405 ne
414 1340 526 1405 latrem
548 1360 606 1426 pro
629 1360 664 1406 re
688 1341 833 1406 domini?
857 1341 996 1408 Multum
1017 1343 1144 1409 falleris.

351 1432 500 1540 Namque
521 1457 585 1521 ista
607 1455 714 1521 subita
736 1475 788 1521 me
809 1454 900 1522 iubet
922 1455 1101 1543 benignitas

351 1567 492 1653 vigilare,
514 1567 614 1633 facias
636 1588 679 1636 ne
702 1587 773 1634 mea
796 1569 890 1654 culpa
908 1570 1043 1635 lucrum

264 1740 349 1820 Quid
379 1742 433 1807 hic
462 1740 556 1808 nobis
585 1747 694 1808 narrat
723 1743 914 1809 Phaedrus?
940 1743 1097 1829 llquidem
1118 1744 1246 1811 nullam

219 1855 315 1920 aliam
337 1874 379 1921 ex
402 1859 473 1921 cius
491 1854 600 1922 verbis
616 1858 774 1942 expiscari
791 1877 923 1942 possum
943 1860 1132 1924 sententiam
1144 1878 1247 1942 quam

219 1970 319 2034 hanc:
348 1988 571 2055 „corrumpere
591 1969 1245 2056 canemvolebatfurcbiiciendcpanem3

220 2085 308 2148 canis
339 2102 415 2149 vero
446 2085 609 2168 corrumpi
631 2102 667 2149 se
686 2102 754 2148 non
776 2103 892 2168 passus
915 2084 993 2150 cst''
1018 2084 1134 2151 Hercle
1157 2086 1247 2152 exile

83 2272 85 2278 ¹
221 2201 447 2282 argumentum
476 2198 649 2282 ineptaque
678 2195 794 2262 fabula.
822 2195 907 2274 Quid
930 2203 1039 2264 autem
1059 2198 1247 2266 Remulus?

353 2309 541 2376 Nocturnus
566 2311 697 2396 quidam
715 2309 769 2374 fur
791 2330 866 2375 cum
887 2330 1001 2396 panem
1024 2313 1251 2378 mitteretcani

308 2425 397 2488 canis
432 2423 553 2489 dixisse
586 2423 704 2489 fertur:
739 2423 838 2489 Panis
871 2443 928 2509 pro
961 2427 1064 2509 matie
1091 2425 1185 2490 datur
1207 2430 1247 2491 ut

307 2537 408 2602 video.
431 2534 498 2603 Das
520 2543 558 2603 ut
580 2556 631 2603 me
654 2537 761 2603 laedas
785 2542 816 2603 et
837 2538 924 2603 unde
943 2539 1046 2603 vicem
1058 2538 1247 2606 redditurus

309 2671 382 2716 sum
415 2671 482 2716 una
517 2671 592 2716 cum
626 2651 733 2734 (siml)
766 2651 894 2716 dcminc
928 2652 1114 2717 demumst
1143 2656 1248 2718 totam

307 2762 469 2828 familiam.
493 2763 528 2829 Si
548 2769 586 2830 tu
608 2769 715 2830 tecum
735 2769 833 2830 tetam
846 2764 971 2830 auferas
984 2765 1246 2851 domumpanem

309 2878 452 2963 porriges
473 2878 561 2967 mihi¹
576 2897 650 2943 cum
671 2877 755 2943 fame
781 2879 887 2944 victus
906 2877 1022 2943 fuere?
1040 2878 1072 2943 N
1073 2879 1123 2944 clo
1133 2879 1247 2946 fauces

308 3009 396 3056 meas
424 3010 507 3075 pane
537 2992 685 3075 claudas;
717 2992 792 3056 nclc
818 2991 927 3056 cibum
950 2996 989 3057 ut
1008 2992 1121 3077 lingua
1144 2992 1249 3079 sileat,

309 3105 366 3171 sed
406 3106 476 3190 ipse
517 3109 628 3170 contra
661 3103 793 3189 latrabo,
827 3105 994 3170 deminum
1028 3110 1059 3171 et
1091 3105 1248 3172 familiam

310 3217 438 3283 suscito.
462 3217 582 3283 Furem
603 3218 668 3284 illis
691 3221 816 3285 nuntio.
834 3217 909 3284 Non
928 3224 1126 3304 praesentem
1145 3221 1248 3287 vitam

311 3325 408 3414 [v'clo]
440 3331 496 3396 aed
526 3330 669 3397 futuram
697 3331 911 3417 contemplum
945 3337 1002 3398 aut
1031 3333 1159 3399 ambula
1188 3341 1252 3402 aut

308 3445 432 3509 nuntio.
463 3442 553 3510 Haec
585 3444 634 3508 illi
663 3445 844 3532 intelligant
876 3447 932 3532 qui
964 3447 1005 3511 ad
1027 3466 1130 3512 unum
1151 3467 1251 3532 prun-

308 3556 398 3622 dium
420 3575 488 3622 rem
513 3577 605 3622 suam
626 3558 774 3642 perdunt.

264 3670 418 3759 Impurus
448 3673 535 3739 haud
567 3672 665 3740 dubie
694 3672 827 3741 Remuli
855 3691 960 3739 sermo
992 3677 1041 3739 est
1063 3679 1095 3739 et
1116 3676 1251 3759 ineptus
