2676 4290
649 325 691 389 59

113 510 206 596 apud
245 510 411 577 Perottum
453 512 590 598 legitur:
633 529 697 576 oon
739 508 921 593 faciendum
953 528 1017 573 case
1054 506 1152 573 alicui

113 622 283 689 boiariam,
514 662 517 670 ·

162 736 285 803 Fabula
317 756 401 822 quae
431 739 466 802 in
498 738 645 804 Phaedro
678 743 728 804 est
757 737 817 820 ΙΠ,
842 737 884 801 13
909 735 959 802 bis
982 736 1069 821 apud
1092 734 1153 800 Pe-

113 853 238 916 rottum
267 851 404 937 legitur3
436 851 536 916 altero
564 850 636 916 loco
669 852 734 934 (27)
765 851 862 916 habet
888 851 1148 934 inscriptionem:

113 965 173 1030 ubi
194 964 291 1031 dubo
312 970 360 1031 cat
379 967 536 1031 sententia
558 970 632 1030 astu
654 965 809 1030 utendum
831 984 905 1048 esse,
928 964 1027 1029 altero
1048 963 1149 1046 (46b):

113 1077 246 1160 prrlcbcr
279 1079 390 1144 modus
420 1079 592 1145 iudicandi.
617 1079 749 1145 Absunt
771 1080 805 1143 hi
828 1078 989 1162 versiculi,
1012 1078 1070 1162 qui
1093 1096 1151 1162 pro

117 1193 329 1260 Phaedrianis
352 1194 462 1259 traditi
486 1199 588 1281 suntq

251 1365 347 1432 Hanc
368 1367 592 1452 praeterissem
615 1366 758 1432 fabulam
781 1365 918 1450 silentio,

249 1482 278 1545 si
302 1484 429 1566 pactam
450 1480 520 1547 fuci
544 1499 610 1545 non
632 1484 838 1545 recusassent
860 1479 968 1544 fidem.

159 1650 275 1737 Neque
302 1653 406 1718 multo
437 1657 539 1720 maior
571 1659 620 1720 est
653 1654 831 1719 similitudo
863 1672 946 1738 quae
977 1655 1062 1718 inter
1090 1653 1152 1718 duo

112 1764 238 1830 Perotti
266 1770 434 1852 praecepta
468 1786 657 1852 versusque,
682 1787 764 1852 quos
787 1786 846 1852 pro
868 1767 934 1832 illis
957 1766 1076 1832 habent
1099 1786 1151 1832 co·

116 1878 205 1943 dices
229 1878 388 1944 Gallicam
410 1881 589 1946 intercedit.

161 1989 196 2054 L
219 1991 280 2075 III,
304 1993 355 2057 10.
380 1991 455 2058 Ood.
478 1993 517 2058 V.
543 1995 626 2058 hanc
648 1995 890 2079 inscriptionem
913 1993 1025 2059 habet:
1042 1992 1152 2075 deride

113 2122 183 2170 non
202 2105 378 2171 amemus
402 2113 513 2172 temere
531 2112 561 2172 ei
580 2107 758 2172 adhibendo
776 2112 955 2191 mortum,
974 2106 1150 2172 nonhabet

116 2222 240 2303 septem
269 2238 385 2286 versus
409 2222 467 2305 qui
490 2226 566 2286 sunt
589 2223 624 2285 in
647 2220 786 2287 Phaedri
808 2221 973 2287 codicibus
999 2221 1148 2285 54-60:

250 2393 323 2461 Hoc
346 2395 518 2461 admonere
542 2396 704 2480 simplices
727 2397 824 2461 etiam
847 2399 961 2480 potest,

251 2509 402 2593 opinione
426 2509 539 2575 altrius
562 2511 686 2595 nequid
708 2510 904 2596 ponderent3

250 2620 382 2688 ambitio
406 2642 547 2707 namque
570 2623 730 2690 dissidens
754 2624 938 2689 mortalium

249 2739 305 2799 aut
322 2737 445 2820 gratiae
467 2736 642 2803 subscribit
665 2743 722 2802 aut
745 2737 818 2802 odio
843 2757 912 2803 suo.

249 2846 320 2914 Erit
342 2849 398 2915 ille
421 2855 526 2934 notus,
551 2870 648 2936 quem
672 2871 730 2937 per
752 2856 784 2916 te
808 2853 1005 2937 cognoveris.

292 2962 382 3028 Haec
404 2969 578 3030 exsecutus
603 2985 677 3030 sum
701 2971 868 3051 propterea
889 2965 1049 3051 pluribus,

250 3073 403 3142 brevitate
426 3079 526 3142 nimia
550 3079 704 3162 quoniam
728 3081 886 3163 quosdam
911 3078 1113 3145 offendimus.

159 3235 193 3302 L
215 3235 275 3322 ΙΠ,
300 3237 351 3302 12.
374 3237 438 3303 Pro
460 3241 584 3325 politico
608 3240 801 3325 epimythio:

246 3410 319 3477 Hoc
337 3412 402 3477 illis
425 3432 521 3477 narro
547 3415 605 3498 qui
627 3433 769 3478 menon
792 3413 986 3498 intelligunt.

159 3573 288 3639 Perotto
313 3575 383 3640 dat:
408 3582 519 3640 contra
542 3577 670 3658 eosqui
692 3597 742 3640 res
764 3576 897 3658 optimas
920 3596 986 3642 nou
1006 3583 1143 3660 pusioni.

163 3685 305 3768 Quattuor
327 3692 405 3754 sunt
425 3687 552 3754 fabulae
575 3710 594 3754 a
616 3689 746 3755 Perotto
770 3691 815 3754 ita
834 3691 968 3756 traditae
979 3697 1017 3757 ut
1028 3710 1142 3758 versus
