2676 4290
713 281 757 345 48

313 461 374 529 (lui
397 464 444 529 sic
465 465 621 552 maligna:
645 465 770 552 longior
791 465 848 532 fiat
871 466 955 552 licet,

312 582 420 644 tamen
442 578 532 643 illam
555 579 651 644 citius
673 598 730 664 per
752 580 857 645 lutum
882 584 914 646 et
936 581 1044 665 spinas
1066 581 1201 684 traham,

314 691 372 756 tibi
395 711 492 776 quam
516 697 639 777 partem
663 694 811 777 quamvis
832 712 963 777 parvam
986 693 1161 778 impertiar.

269 850 369 937 Dura,
402 853 517 938 hercle,
549 855 628 920 haec
661 855 770 939 vulpis
803 854 1002 940 malignitas;
1036 873 1145 940 neque
1181 863 1255 922 esse

225 966 309 1031 iuter
339 966 485 1032 homiues
511 966 668 1051 quosdam
690 967 797 1052 vulpis
819 967 907 1032 illius
930 968 1051 1033 similes
1074 969 1254 1053 quisquam

225 1079 362 1165 negabit
396 1082 441 1146 At
473 1081 581 1167 inepta
612 1085 660 1148 eat
694 1083 841 1147 narratio.
873 1080 959 1159 Quid
989 1084 1076 1148 enim
1105 1103 1125 1147 a
1156 1084 1255 1149 simio

225 1195 348 1260 dictum
382 1199 432 1262 est
464 1197 505 1262 ad
540 1195 628 1282 quod
660 1197 768 1281 vulpis
800 1215 992 1281 responsum
1022 1202 1107 1263 recte
1136 1196 1256 1264 referri

226 1310 353 1394 possit?
383 1309 443 1374 llla
474 1313 598 1395 partem
632 1309 753 1375 caudae
784 1315 969 1395 rogaverat;
988 1310 1082 1377 haec:
1110 1310 1253 1398 „longa”

226 1425 334 1508 inquit
367 1423 462 1507 „licet
491 1425 593 1489 cauda
622 1443 694 1490 mea
723 1425 774 1510 sit,
796 1426 895 1490 immo
917 1425 1045 1511 lougim·
1065 1423 1121 1489 fiat
1141 1428 1257 1491 tamen

227 1555 253 1603 e.
266 1557 295 1622 q.
308 1535 354 1602 s.''
385 1536 483 1602 Recte
514 1537 642 1603 demum
673 1538 734 1602 hoc
762 1556 954 1622 responsum
986 1538 1054 1622 erit,
1086 1538 1256 1605 sihuius-

227 1651 351 1716 comodi
375 1655 563 1736 argumento
585 1651 621 1715 in
644 1651 803 1736 procando
822 1671 904 1716 usus
924 1652 984 1717 erit
1003 1652 1134 1717 simius:
1152 1650 1257 1737 „quid

225 1763 286 1829 tibi
320 1783 394 1828 cum
428 1769 493 1829 tarn
524 1765 622 1849 longa
654 1764 765 1848 cauda,
794 1784 877 1850 quae
907 1764 967 1831 tibi
989 1765 1138 1831 utilitatis
1161 1766 1258 1851 nihil,

227 1877 447 1943 molestiarum
477 1878 616 1943 multum
647 1877 767 1944 affert.''
797 1877 961 1944 Lacunam
991 1880 1118 1964 egregie
1143 1880 1259 1966 explet

227 1988 387 2056 Romulus
411 1991 505 2056 cuius
528 1990 606 2056 haee
627 1991 725 2057 verba
747 1996 840 2056 sunt:
945 2024 948 2029 <

362 2101 448 2179 Quid
472 2105 558 2169 enim
581 2105 690 2190 inquit
712 2105 791 2170 utile
813 2110 861 2170 est
879 2103 939 2170 tibi
950 2110 987 2170 ut
998 2107 1042 2172 sis
1053 2105 1259 2190 ponderosus

317 2217 387 2281 siue
408 2234 516 2300 causa,
536 2220 708 2302 tantaeque
728 2218 940 2304 longitudinis
960 2218 1062 2284 cauda
1081 2223 1260 2304 tuaquom

316 2347 375 2413 per
396 2333 514 2395 terram
537 2330 662 2395 trahis?

230 2440 281 2505 En
303 2440 444 2507 fabulam
467 2444 595 2528 plenam
618 2443 865 2529 perfectamque,
888 2465 954 2530 qua
976 2465 1043 2511 non
1060 2449 1126 2510 tam
1146 2447 1260 2532 vulpis

230 2555 412 2640 malignitas
434 2557 663 2642 perstringitur
686 2576 782 2642 quarn
807 2559 893 2623 simii
914 2559 1034 2642 impuri
1056 2559 1091 2622 in
1114 2561 1258 2643 petendo

136 2701 139 2706 ·
229 2669 437 2754 impudentia
469 2669 586 2736 Nonne
619 2672 705 2736 enim
739 2673 810 2736 iure
832 2672 928 2736 homo
950 2671 1075 2736 homini
1096 2673 1260 2738 irascatur

228 2782 277 2846 illi
297 2783 355 2867 qui
374 2784 522 2866 quamvis
541 2784 629 2849 omni
647 2782 804 2849 beneficio
822 2783 977 2869 indignus
996 2785 1038 2850 sit
1060 2788 1168 2850 tamon
1187 2805 1258 2851 non

230 2900 379 2961 vereatur
400 2897 437 2960 in
458 2897 668 2963 mendicando
690 2898 914 2964 huiuscemodi
936 2896 1042 2964 verbis
1064 2899 1132 2963 uti:
1155 2901 1259 2983 ,quid

230 3009 291 3075 tibi
313 3009 442 3095 prodest
463 3013 551 3075 tanta
574 3011 687 3096 copia?
711 3013 818 3077 oneris
839 3013 940 3077 instar
962 3030 999 3077 ea
1017 3010 1076 3076 tibi
1096 3013 1260 3096 estquod

233 3142 297 3208 quo
321 3122 394 3208 plus
416 3124 495 3187 mihi
519 3124 643 3190 dederis
666 3144 704 3191 oo
727 3126 830 3211 magis
852 3126 975 3191 levabis
988 3122 1037 3208 ¹).’'
1056 3126 1261 3210 Amph0rem

232 3242 340 3302 autem
370 3237 507 3303 Phaedri
536 3237 678 3304 fabulam
709 3241 889 3305 innotuisse
910 3239 1049 3306 Romulo
1071 3259 1186 3325 parum
1210 3247 1263 3308 est

266 3484 294 3550 1)
312 3485 448 3552 Eleganter
464 3485 579 3551 Aesopus
596 3486 718 3538 Latinus:

398 3576 466 3637 Quid
483 3578 585 3645 prodest
601 3579 684 3631 nimia
700 3592 803 3644 campos
819 3578 963 3645 insculpere
979 3577 1080 3631 candal

431 3669 504 3730 Quod
521 3670 587 3722 mihi
604 3671 745 3737 prodesset,
761 3677 801 3724 eat
817 3670 865 3722 tihi
881 3668 981 3738 pondus
997 3671 1075 3723 iners.
