2676 4290
639 350 703 413 100

153 553 220 598 non
248 534 458 620 intelligerem
479 554 522 602 ne
543 535 727 601 Nauckium
752 536 881 620 quidem
904 553 1032 620 semper
1057 535 1184 620 aliquid

152 646 293 731 proferre
311 667 405 733 posse
424 648 511 733 quod
522 650 563 714 sit
573 650 773 735 praeclarum
787 687 830 696 -
841 650 906 714 nisi
917 648 1016 713 simul
1027 648 1185 714 vidissem

151 781 316 828 summum
349 766 454 828 virum
484 783 523 829 ea
553 767 720 830 occasione
742 765 881 830 abusum
905 783 976 830 esse
998 764 1039 829 ad
1065 765 1185 830 acriter

152 881 185 942 et
224 877 337 961 inique
377 876 558 943 Lucianum
590 877 706 944 Miiller
738 879 1048 963 reprehendendum.
1084 876 1183 956 Quae

152 990 238 1055 enim
269 1010 366 1056 causa
395 993 570 1076 excogitari
599 996 703 1077 potest
733 1011 792 1056 cur
823 992 1060 1077 philologorum
1095 992 1186 1076 quis·

41 1140 45 1146 ·
152 1123 250 1188 quam
283 1105 425 1190 graviter
458 1104 595 1171 Miillero
628 1105 811 1170 irascatur?
846 1105 902 1169 Au
937 1105 1024 1190 quod
1062 1104 1121 1170 ille
1151 1107 1185 1168 in

150 1217 333 1284 refellendis
367 1220 558 1285 adversariis
586 1240 653 1285 nou
671 1229 807 1305 'semper
838 1219 901 1285 fuit
932 1219 1090 1302 urbanus,
1129 1220 1185 1284 sed

152 1349 246 1416 saepe
276 1334 362 1398 iusto
392 1333 558 1398 acerbior?
587 1333 632 1397 At
663 1353 701 1398 ea
730 1353 829 1399 causa
860 1337 928 1398 erat
950 1352 1010 1397 cur
1031 1332 1119 1397 alius
1146 1331 1185 1396 ab

153 1446 266 1512 eodem
287 1448 366 1513 vitio
390 1449 605 1514 deterreretur
626 1448 871 1533 honestatisque
894 1451 925 1513 et
937 1447 1063 1512 decoris
1074 1447 1188 1511 admo-

153 1568 292 1628 neretur.
325 1562 367 1628 ut
401 1582 510 1628 nonne
542 1583 644 1628 unum
667 1563 749 1628 illud
771 1565 887 1627 vitium
907 1561 1018 1627 multis
1041 1565 1073 1626 et
1096 1579 1189 1646 prae-

153 1676 338 1742 clarissimis
368 1681 595 1761 compensatur
628 1675 827 1741 virtutibus?
850 1674 966 1740 Nonne
990 1694 1103 1740 omnes
1129 1676 1187 1760 qui

150 1795 261 1876 poetas
293 1789 425 1856 latinos
455 1809 600 1855 amemus
632 1791 789 1875 singulari
820 1809 880 1855 nos
910 1789 995 1854 affici
1024 1789 1187 1855 beneficio

151 1907 304 1989 putamus
328 1923 430 1989 quum
452 1903 584 1969 illorum
603 1904 744 1989 aliquem
756 1903 913 1968 Miillerus
925 1904 960 1966 in
971 1903 1076 1967 lucem
1089 1903 1187 1968 edit?

153 2015 233 2094 Quis
257 2018 343 2082 enim
364 2017 420 2082 illo
444 2018 546 2102 magis
569 2016 675 2081 sobrio
699 2035 842 2101 sanoque
859 2015 979 2081 iudicio
991 2035 1034 2080 ex
1046 2016 1187 2081 aliorum

152 2131 344 2195 coniecturis
374 2130 414 2194 ad
443 2135 570 2195 textum
601 2131 838 2195 emendandum
863 2149 917 2194 eas
941 2129 1070 2195 adhibet
1098 2149 1184 2214 quae

152 2249 256 2309 certae
285 2246 350 2309 sint
379 2244 584 2330 probosque?
615 2243 733 2310 Nonne
760 2246 830 2330 ipse
853 2245 1013 2330 permulta
1034 2245 1185 2311 invenire

151 2358 232 2423 solet
263 2358 382 2443 quibus
413 2378 497 2424 nova
528 2360 589 2424 lux
609 2360 712 2444 potitis
736 2358 913 2444 affulgeat?
936 2357 1086 2443 Denique
1111 2362 1186 2444 quis

151 2474 253 2558 magis
275 2473 330 2538 illo
353 2474 489 2539 idoneus
512 2474 552 2539 de
574 2474 663 2558 poesi
686 2472 799 2538 Latina
818 2474 931 2557 iudex,
944 2475 1001 2558 qui
1013 2475 1082 2558 ipse
1094 2478 1184 2539 tanto

151 2585 285 2652 artificio
319 2591 429 2672 poetas
462 2585 592 2652 Latinos
628 2587 795 2652 imitetur?
819 2585 860 2651 Et
884 2587 962 2671 quid
985 2586 1115 2651 tandem
1137 2591 1185 2652 est

153 2701 240 2785 quod
264 2705 428 2786 tamquam
451 2719 550 2786 grave
566 2703 688 2765 crimen
698 2700 835 2765 Miillero
848 2699 977 2765 obiiciat
987 2699 1184 2766 Nauokius?

155 2812 249 2891 Quod
290 2816 326 2879 in
360 2813 456 2880 rebus
491 2815 744 2899 orthographicis
777 2813 938 2878 interdum
974 2812 1036 2878 sibi
1069 2833 1183 2898 parum

154 2928 296 2993 constitit
318 2932 350 2992 et
373 2947 496 2993 errores
520 2928 676 3013 quosdam
698 2928 943 3012 typographicos
959 2946 1025 2991 non
1038 2927 1184 2992 animad-

153 3040 258 3106 vertit
279 3039 352 3105 Hoc
373 3040 456 3105 illud
480 3045 529 3106 est
552 3041 639 3126 quod
662 3045 761 3106 totam
773 3040 1185 3126 philologiaminomnium

154 3155 274 3241 quibus
297 3161 450 3220 venustas
473 3159 505 3221 et
527 3156 715 3221 humanitas
739 3155 827 3221 cordi
850 3159 927 3220 sunt
943 3154 1084 3229 ‚adducit
1106 3174 1181 3220 con-

153 3271 370 3356 temptionem,
391 3271 453 3336 hoc
475 3269 624 3336 Nauchio
645 3271 819 3355 indignum
844 3270 901 3335 sed
921 3269 1056 3354 dignum
1068 3270 1187 3354 magis·

154 3385 240 3451 tellis
261 3385 341 3469 istis,
365 3386 421 3469 qui
444 3385 544 3449 diaria
566 3385 767 3469 philologica,
785 3404 923 3469 quorum
934 3384 1032 3448 nimis
1043 3402 1184 3469 magnus

154 3499 220 3564 iam
247 3517 405 3564 numerus
435 3503 492 3582 est,
514 3499 632 3582 ineptis
656 3499 724 3563 suis
749 3501 780 3562 et
803 3496 927 3562 acerbis
950 3496 1088 3580 implent
1113 3515 1189 3562 con·

156 3614 252 3678 vitiis.
276 3611 339 3677 Sed
356 3613 402 3677 'ad
425 3613 626 3698 propositum
649 3612 829 3677 redeamus.

201 3727 254 3792 Ad
287 3745 418 3794 versum
446 3745 522 3813 ergo
546 3727 565 3789 3
588 3725 717 3792 fabulae
740 3725 757 3788 1
780 3723 869 3788 Libri
891 3722 909 3788 I
930 3721 1099 3791 Nauclrius
1124 3723 1180 3790 ob·
